2632 4102
217 265 261 326 46
647 258 680 319 G.
702 255 800 319 Pthl

217 418 289 476 intra
303 413 518 476 contubernium
535 423 613 474 tunm
625 411 725 489 tenuit,
741 420 947 489 praeceptores
962 411 1036 471 domi
1051 409 1159 488 habuit,
1175 411 1226 472 ubi

218 509 263 561 est
278 499 424 559 erroribus
441 497 552 558 modica
567 495 616 556 vel
631 496 715 555 etiam
729 494 806 555 nulla
821 496 946 556 materia.
979 493 1038 554 lam
1053 493 1144 556 studia
1160 497 1225 557 eius

217 593 297 648 estre
311 581 397 643 limen
414 579 586 660 proferenda
600 588 677 655 sunt,
694 579 749 638 iem
767 577 1042 657 circumspiciendus
1058 577 1157 641 rhetor
1171 577 1225 640 ba·

216 669 309 745 tinus,
327 666 408 726 cuius
422 663 541 725 scholae
552 664 708 739 severitas,
733 661 840 741 pudor,
862 663 1002 741 inprimis
1022 663 1137 724 castitas
1152 679 1224 723 con·

190 761 284 824 ustet.
316 748 408 810 Adest
424 749 498 808 enim
519 745 695 808 adulescenti
709 754 808 806 nostro
825 763 889 805 cum
904 747 1011 806 ceteris
1025 755 1141 807 naturae
1161 745 1252 810 ior-5

216 845 358 911 tunaeqne
379 831 492 891 dotibus
510 831 612 888 eximia
626 830 756 907 corporis
770 828 968 908 pulchritudo,
991 831 1037 889 cui
1058 830 1087 888 in
1106 827 1163 890 lroc
1178 829 1224 890 lu·

217 919 297 979 brice
314 917 415 976 aetatis
431 931 487 974 non
501 923 674 992 praeceptor
689 913 772 972 modo
787 911 841 973 sed
853 923 951 973 custos
966 915 1050 972 etiam
1064 923 1223 992 rectorque

190 997 396 1080 squaerendus
416 1007 472 1058 est.
504 995 612 1057 Videor
631 1011 703 1073 ergo
723 996 919 1057 demonstrare
938 997 989 1057 tibi
1013 1012 1101 1074 posse
1119 996 1224 1057 lulium

217 1083 390 1145 Genitorem.
411 1081 528 1141 Amatur
541 1099 557 1142 a
572 1099 633 1149 me3
653 1079 758 1140 iudicio
775 1088 868 1142 tamen
885 1097 949 1141 meo
963 1097 1021 1140 non
1036 1081 1129 1142 obstat
1148 1084 1223 1141 cari·

215 1178 258 1228 tas
273 1166 405 1243 bominis,
421 1183 494 1244 quae
508 1183 545 1226 ex
555 1163 659 1225 iudicio
670 1172 733 1223 nata
745 1172 799 1224 est.
820 1163 870 1222 Vir
881 1174 926 1225 est
938 1163 1101 1226 emendatus
1113 1172 1142 1224 et
1154 1183 1220 1242 gra·
1232 1180 1267 1233 10

214 1252 276 1330 vis,
300 1249 385 1330 paulo
401 1252 485 1330 etiam
504 1247 645 1309 horridior
654 1257 685 1308 et
696 1246 801 1325 danim,
818 1249 892 1308 utin
911 1248 966 1309 bac
980 1246 1095 1309 licentia
1108 1257 1223 1328 tempo·

189 1353 288 1408 prum.
321 1332 460 1407 Quantum
475 1331 638 1410 eloquentia
653 1330 747 1391 vulcat
760 1331 889 1410 pluribus
905 1332 1026 1393 credere
1040 1341 1140 1411 potos;
1155 1351 1223 1394 nam

216 1417 328 1479 dicendi
343 1416 463 1478 facultas
477 1425 576 1494 aperto
593 1424 623 1475 et
639 1417 771 1494 exposita
786 1419 879 1476 statim
897 1418 1035 1477 cernitur:
1057 1418 1115 1477 uita
1128 1415 1222 1477 bomi-

215 1520 280 1562 num
296 1502 369 1561 altos
383 1517 521 1560 recessus
534 1516 708 1576 magnasque
728 1498 853 1560 latebras
868 1500 967 1568 beben
994 1502 1075 1562 cuius
1089 1518 1142 1580 pro
1162 1499 1222 1562 Ge·

214 1588 306 1646 nitore
321 1603 367 1644 me
384 1600 554 1662 sponsorem
564 1585 677 1661 accipe.
707 1580 783 1642 Nihil
798 1602 837 1644 ex
853 1583 909 1644 hoc
925 1585 987 1644 uiro
999 1584 1072 1646 filius
1086 1594 1151 1647 tuns
1169 1602 1220 1646 au·
1230 1605 1265 1657 15

215 1669 273 1729 diet
284 1671 338 1729 nisi
353 1667 547 1747 proditurum,
568 1666 636 1726 nihil
653 1665 745 1726 discet
759 1668 836 1745 quod
850 1670 981 1729 nescisse
997 1671 1104 1730 rectius
1119 1668 1218 1748 fuerit,

190 1767 269 1821 tneo
286 1754 377 1812 minus
393 1769 481 1830 saepe
495 1752 531 1812 ab
542 1750 593 1810 illo
611 1767 724 1830 quamn
741 1761 770 1811 te
785 1770 888 1832 meque
903 1751 1099 1814 admonebitur
1113 1753 1220 1831 quibus

214 1836 381 1913 imaginibus
397 1844 543 1912 oneretur,
560 1853 633 1914 qnae
644 1835 754 1894 nomina
769 1845 798 1896 et
810 1845 912 1915 quanta
926 1838 1073 1897 sustineat.
1094 1835 1219 1898 Pnoinde

213 1919 374 1981 faventibus
394 1919 447 1980 diis
465 1918 544 1980 trade
561 1936 626 1978 eum
645 1921 844 1997 praecepturi,
865 1938 882 1979 a
903 1937 960 2000 quc
975 1937 1069 1982 mores
1085 1922 1217 1999 primum,

213 2020 280 2063 mox
289 2002 480 2082 eloquentiam
491 2003 592 2080 discat,
604 2018 676 2081 quae
688 2001 761 2062 male
773 2005 835 2064 sine
846 2005 972 2064 moribus
985 2003 1110 2064 discitur.
1132 2004 1218 2066 Vale.
1227 2017 1264 2070 20

693 2135 743 2196 lll.

475 2235 503 2288 c.
522 2233 649 2286 ruinius
667 2135 812 2286 elucente
830 2234 891 2287 suo
911 2233 938 2286 S.

187 2351 201 2402 l
274 2336 407 2411 Quamvis
430 2347 459 2398 et
480 2338 561 2398 amici
581 2355 654 2416 quos
675 2349 842 2416 praesentes
862 2338 1001 2399 habebam
1019 2347 1049 2398 et
1066 2357 1218 2400 sermones

211 2421 353 2483 bominum
372 2420 477 2483 lactum
497 2439 590 2482 meum
612 2423 808 2500 conprobasse
828 2423 991 2499 uideantur,
1014 2425 1106 2500 magni
1120 2432 1259 2492 tamense

186 2509 329 2570 taestimo
344 2507 420 2568 scire
436 2505 503 2585 quid
517 2506 623 2567 sentias
637 2515 678 2566 tn.
708 2503 779 2566 Nam
796 2508 876 2566 cuins
891 2508 1001 2583 integra
1014 2524 1047 2568 re
1063 2505 1216 2567 consilinm

211 2592 361 2668 exquirere
377 2600 538 2668 optassem,
560 2589 642 2650 huius
659 2591 743 2650 etiam
759 2600 876 2669 peracta
896 2589 1029 2650 iudicium
1039 2607 1127 2652 nosse
1142 2594 1215 2652 mire

211 2674 397 2750 concupisco.
429 2671 500 2733 (lum
521 2673 665 2751 publicum
680 2689 754 2751 opus
771 2691 833 2733 mea
849 2674 971 2753 pecunia
987 2674 1170 2736 inchoaturus
1185 2678 1215 2735 in

209 2755 319 2817 l'nscos
328 2759 556 2817 excucurrissem
567 2766 701 2835 accepto,
713 2766 743 2817 ut
751 2757 915 2836 praelectus
927 2760 1027 2835 aerari,
1041 2768 1213 2837 commeatu,

209 2838 297 2917 legati
317 2841 482 2918 provinciae
502 2839 635 2901 Baeticae
661 2842 789 2920 questuri
814 2841 850 2901 de
877 2841 1080 2920 proconsulatu
1101 2839 1258 2904 Caeciliito

185 2921 333 2986 bolassici
355 2922 523 2986 advocatum
541 2941 586 2984 me
607 2941 623 2984 u
643 2934 743 2988 senatu
762 2927 913 3004 petierunt.
951 2924 1091 3003 Collegae
1113 2929 1214 3005 optimi

210 3007 809 3085 meiqueamantissimidecommunisoilicii
820 3010 1040 3072 necessitatibus
1051 3009 1214 3089 praelocuti
1295 3021 1296 3028 ’

210 3109 348 3154 excusare
364 3110 410 3154 me
425 3101 454 3154 et
469 3094 594 3155 crimem
609 3101 788 3172 temptarunt.
821 3090 937 3154 Factum
952 3101 998 3154 est
1012 3104 1127 3155 senatus
1143 3111 1213 3154 con·
1294 3101 1295 3117 ¹

209 3175 315 3236 sultum
329 3192 465 3254 perquam
479 3176 675 3254 honorificum,
690 3185 720 3237 ut
734 3177 816 3237 darer
829 3176 1050 3254 provincialibus
1063 3187 1212 3256 patronus,

183 3261 233 3320 tsi
244 3260 279 3320 ab
300 3260 364 3337 ipso
381 3278 427 3320 me
447 3262 657 3338 impetrassent.
688 3259 788 3337 Legati
807 3278 905 3320 rursus
925 3260 1030 3322 inducti
1048 3263 1148 3321 iterum
1162 3273 1256 3328 mess
1292 3259 1293 3300 l

209 3345 262 3402 iam
284 3353 465 3422 praesentem
483 3344 651 3404 advocatum
672 3343 901 3422 postulaverunt,
928 3343 1103 3423 inplorantes
1125 3343 1211 3406 fidem
1291 3334 1292 3388 l

208 3443 308 3504 meam,
325 3444 407 3503 quam
422 3437 520 3487 essent
534 3436 631 3488 contra
647 3425 768 3487 illaesam
781 3428 917 3490 Baebium
932 3431 1059 3508 experti,
1075 3427 1211 3506 adlegan-
1290 3417 1291 3479 l

207 3519 251 3568 tes
267 3511 405 3588 patrocini
424 3510 537 3571 foedus.
570 3509 674 3570 Secuta
690 3520 735 3572 est
756 3522 870 3573 senatus
888 3511 1043 3574 clarissima
1061 3511 1209 3592 adsensio,
1289 3481 1290 3571 l
