2616 4096
183 285 245 350 170
606 283 639 344 (l.
662 283 759 346 Pthl

181 440 297 501 daturus
313 440 341 500 in
355 457 451 501 manus
469 437 612 498 hominum
631 447 696 498 ante
716 439 871 498 amicorum
891 437 997 498 iudicio
1015 438 1189 516 examinare,

181 526 209 584 in
225 525 323 604 primis
338 533 397 584 tuo.
431 521 570 599 Proinde,
592 523 616 582 si
633 520 762 600 quando,
786 541 862 584 nuno
876 521 990 584 intende
1006 520 1081 582 libro
1103 541 1190 602 quem

182 627 246 670 cum
260 608 313 670 hac
329 606 452 688 epistula
467 607 606 684 accipies,
619 608 684 684 quia
697 624 802 667 vereor
816 627 853 668 ne
865 608 928 686 ipsc
942 616 972 666 ut
983 608 1073 666 tristis
1089 625 1189 686 parum

179 693 357 754 intenderim.
380 691 524 770 Imperare
541 691 616 750 enirn
630 689 723 750 dolori
734 700 764 751 ut
777 692 935 752 scriberem
947 691 1040 770 potui,
1053 700 1084 751 ut
1096 708 1189 751 vacuo

180 779 272 838 animo
288 776 423 852 laetoque
438 792 494 834 non
508 776 598 854 potui.
632 773 721 834 Porro
742 785 773 836 ut
794 794 832 835 ex
851 774 952 836 studiis
973 774 1123 852 gaudium,
1144 775 1214 838 sico

180 861 272 922 studia
284 858 423 920 hilaritate
438 860 619 938 proveniunt.
650 857 732 919 Vale.

653 967 740 1054 xxi(

471 1091 502 1146 0.*
517 1091 641 1142 PLINIUS
660 1089 767 1142 GALLO
785 1091 846 1142 SUO
866 1089 892 1140 S.

156 1203 169 1254 1
237 1193 282 1252 hd
298 1212 370 1273 quae
385 1193 531 1255 noscenda
546 1195 601 1254 iter
614 1192 737 1272 ingredi,
755 1195 944 1254 transmittere
958 1194 1232 1274 marcsolemus,1o

179 1295 214 1338 ea
228 1277 281 1337 sub
300 1278 391 1338 oculis
407 1281 500 1356 posita
512 1277 710 1356 neglegimus,
727 1296 779 1337 seu
796 1279 861 1357 quia
875 1279 914 1338 ita
927 1287 1025 1338 natura
1039 1295 1186 1358 compara-

178 1369 237 1420 tum
251 1371 281 1421 ut
303 1365 494 1441 proximorum
514 1363 650 1422 incuriosi
669 1361 826 1440 longinqua
845 1372 1006 1439 sectemur,
1031 1380 1085 1424 seu
1107 1363 1187 1442 quod

179 1447 300 1504 omnium
312 1464 405 1506 rerum
420 1445 523 1524 cupido
536 1444 708 1522 languescit,
721 1464 785 1505 eum
798 1445 890 1507 facilis
905 1449 1033 1524 occasio,
1045 1464 1098 1508 seu
1109 1448 1188 1525 quod

179 1528 333 1589 dillerimus
350 1540 491 1607 tamquam
512 1547 600 1609 saepe
620 1531 708 1589 visuri
724 1529 801 1608 quod
821 1529 902 1590 datur
912 1528 1028 1607 videre,
1052 1533 1187 1610 quotiens

152 1611 251 1676 uvolis
266 1631 395 1672 cernere.
429 1612 615 1693 Quacumque
630 1612 667 1673 de
684 1631 786 1691 causa,
804 1613 943 1692 permulta
960 1616 988 1674 iu
1003 1615 1074 1675 urbe
1088 1626 1187 1676 nostra
1197 1624 1231 1677 15

178 1699 312 1776 iuxtaque
328 1697 428 1757 urbem
442 1715 498 1758 uon
517 1697 609 1759 oculis
630 1696 714 1757 modo
730 1697 783 1758 sed
797 1716 833 1758 ne
849 1700 963 1760 auribus
979 1699 1093 1778 quidem
1106 1702 1187 1760 novi·

179 1798 252 1858 mus,
266 1799 338 1861 quae
352 1783 376 1843 si
391 1781 505 1842 tulisset
521 1781 642 1859 Achaia,
659 1781 827 1860 Aegyptos,
847 1783 917 1842 hsia
934 1782 1025 1844 aliave
1040 1783 1188 1862 quaelibet

179 1862 376 1925 miraculorum
403 1865 483 1926 lerax
509 1864 787 1944 commendatrixque
815 1876 907 1944 terra,
936 1866 1030 1928 audita
1056 1867 1188 1946 perlecta

151 1946 295 2012 3lustrata
309 1949 489 2010 haberemus.
518 1949 586 2029 lpse
602 1959 681 2010 certe
696 1967 788 2029 nuper
806 1950 882 2030 quod
896 1969 950 2012 nec
963 1950 1105 2012 audieram
1120 1961 1187 2013 ante

178 2049 232 2090 uec
246 2031 372 2091 videram
386 2032 480 2092 audivi
494 2035 601 2112 pariter
614 2043 643 2094 et
657 2033 723 2093 vidi.
745 2033 891 2112 Exegerat
905 2051 1045 2112 prosocer
1058 2053 1140 2096 meus
1154 2045 1186 2096 ut
1195 2046 1230 2099 20

178 2114 310 2176 Amerina
335 2115 450 2193 praedia
475 2134 526 2177 sua
557 2119 738 2196 inspicerem.
784 2118 863 2179 llaec
887 2119 1092 2197 perambulanti
1118 2120 1187 2180 mihi

179 2197 336 2260 ostenditur
357 2199 508 2262 subiacens
523 2199 603 2262 lacus
624 2203 736 2262 nominc
751 2202 928 2264 Vadimonis:
950 2203 1032 2263 simul
1047 2203 1188 2282 quaedam

151 2283 354 2344 sincredibilia
368 2294 524 2345 narrantur.
555 2285 676 2346 Perveni
690 2286 726 2350 ad
742 2286 846 2364 ipsum.
878 2285 970 2348 Lacus
985 2290 1072 2348 estin
1087 2287 1186 2348 simili·

176 2365 302 2428 tudinem
312 2371 431 2430 iacentis
446 2380 526 2430 rotae
542 2371 773 2449 circumscriptus
787 2379 817 2430 et
827 2371 952 2449 undique
964 2371 1107 2450 aequalis:
1122 2371 1186 2432 nul·

176 2449 221 2510 lus
239 2454 328 2530 sinus,
344 2452 496 2533 obliquitas
510 2453 598 2531 nulla,
615 2457 706 2513 omnia
718 2453 855 2532 dimensa,
870 2457 947 2534 paria
960 2466 990 2516 et
1005 2457 1085 2534 quasi
1099 2458 1185 2517 artili·
1194 2461 1229 2514 25

177 2537 219 2595 cis
234 2553 316 2596 manu
332 2546 429 2599 cavata
448 2548 477 2598 et
493 2539 598 2598 excisa.
633 2535 722 2597 Color
734 2537 850 2598 caerulo
865 2538 1003 2616 albidior,
1024 2538 1141 2600 viridior
1154 2551 1186 2601 et

175 2621 320 2698 pressior,
343 2620 469 2701 sulpuris
488 2621 560 2681 odor
580 2639 723 2700 saporque
745 2621 917 2700 medicatus,
942 2627 1004 2701 vis,
1025 2642 1081 2702 qua
1095 2624 1186 2686 fracta

176 2701 341 2764 solidantur.
373 2706 501 2784 Spatium
521 2705 679 2780 modicum,
705 2705 782 2785 quod
803 2715 896 2766 tamen
917 2709 1020 2768 sentiat
1033 2718 1138 2769 ventos
1153 2718 1185 2770 et

148 2785 308 2846 oductibus
323 2789 501 2849 intumescat.
530 2787 614 2848 Nulla
631 2791 660 2849 in
676 2789 733 2849 hoc
746 2791 825 2851 navis
842 2791 942 2868 (sacer
956 2792 1059 2871 enim),
1075 2793 1129 2853 sed
1142 2794 1185 2852 iu·

175 2877 270 2927 natant
291 2869 418 2949 insulae,
442 2871 577 2932 herbidae
596 2873 863 2934 omnesharundine
878 2884 908 2935 et
923 2877 1025 2952 iunco„
1051 2883 1227 2955 quaequeuo

175 2950 229 3011 alia
250 2951 399 3014 fecundior
412 2953 495 3034 palus
511 2958 631 3034 ipsaque
649 2957 698 3017 illa
713 2959 876 3019 extremitas
893 2957 973 3019 lacus
995 2959 1090 3024 effert.
1126 2961 1184 3020 Sua

176 3036 279 3114 cuique
298 3037 386 3114 ligura
400 3049 430 3099 ut
449 3039 565 3100 modus:
587 3044 698 3102 cunctis
713 3059 810 3120 margo
826 3041 958 3121 derasus,
973 3045 1038 3123 quia
1048 3043 1184 3124 frequen-

174 3128 219 3179 ter
234 3119 281 3180 vel
296 3119 372 3182 litori
388 3122 436 3183 vel
454 3124 507 3185 sibi
525 3123 625 3185 inlisae
643 3134 740 3186 terunt
757 3135 953 3205 terunturque.
983 3125 1037 3186 Par
1051 3129 1184 3188 omnibus

174 3202 309 3283 altitudo,
331 3225 382 3286 par
395 3207 512 3276 levitas;
534 3211 641 3288 quippe
656 3211 685 3269 in
700 3210 829 3289 speciem
845 3213 957 3270 carinae
971 3210 1068 3270 humili
1084 3211 1182 3273 radice

148 3286 361 3356 crescendum.
393 3291 473 3352 llaec
492 3293 528 3352 ab
552 3295 626 3352 omni
648 3293 738 3354 latere
760 3296 933 3374 perspicitur
953 3294 1111 3374 eademque
1134 3305 1224 3360 su-3i

175 3389 279 3451 spensa
303 3377 410 3452 pariter
428 3385 458 3436 et
476 3393 578 3436 mersa.
611 3375 754 3437 Interdum
777 3380 890 3440 iunctae
917 3377 1128 3460 copulataeque
1153 3389 1184 3440 et

174 3459 328 3517 continenti
350 3459 458 3519 similes
480 3469 562 3536 sunt,
586 3461 726 3520 interdum
748 3461 975 3524 discordantibus
991 3465 1085 3524 ventis
1101 3464 1181 3542 dige-

172 3548 287 3617 runtur,
302 3557 521 3620 nonnumquam
534 3541 686 3604 destitutae
701 3545 903 3623 tranquillitate
918 3547 1047 3626 singulae
1064 3546 1181 3608 lluitant.
