2616 4096
656 297 690 362 0.
709 299 806 362 runt

500 551 529 602 0.
545 449 835 602 PLINIUSXG'dRXlNllTO
853 548 915 601 SUO
933 547 960 601 Β.

207 677 219 728 1
292 666 426 729 Glaudius
439 666 520 727 l’olio
535 670 619 727 amari
632 686 648 728 a
661 678 692 728 te
704 671 800 748 cupit,
809 669 910 745 dignus
924 666 980 726 lroc
997 667 1074 745 ipso,
1090 665 1169 744 quod
1183 684 1225 725 cu·

229 754 286 832 pit,
309 750 428 827 deinde,
445 749 521 828 quod
541 752 605 828 ipse
628 761 657 812 te
675 751 775 829 diligit.
804 749 907 829 Neque
922 751 996 810 enim
1010 749 1072 809 iere
1084 751 1225 828 quisquam

228 837 318 913 exigit
332 833 419 910 istud,
434 835 488 893 nisi
502 835 551 913 qui
564 834 643 896 facit.
669 834 720 894 Vir
730 834 836 912 alioqui
850 843 959 910 rectus,
975 833 1100 910 integer,
1118 835 1246 911 quietuse
1295 869 1296 890 r

227 935 261 978 ac
277 935 368 995 paena
384 915 456 976 ultra
466 916 596 993 modurn,
621 920 722 997 siquis
740 927 834 978 tamen
848 916 920 976 ultra
935 914 1063 991 modum,
1091 933 1226 976 verecun-

202 999 289 1062 ndus.
310 999 402 1079 Hunc,
418 1018 482 1060 cum
495 999 578 1060 simul
592 1000 785 1077 militaremus,
800 1018 856 1060 nou
870 998 963 1060 solum
975 1007 1005 1060 ut
1024 998 1178 1060 commilito
1189 1001 1225 1058 in-

227 1085 318 1162 spexi.
341 1082 474 1146 Praeerat
488 1082 550 1144 alae
565 1081 693 1144 militari:
710 1101 766 1162 ego
780 1085 876 1146 iussus
889 1101 905 1142 a
918 1081 1016 1159 legato
1031 1082 1174 1143 consulari
1187 1099 1225 1140 ra·

227 1169 320 1228 tiones
336 1168 441 1228 alarum
459 1177 489 1227 et
510 1167 667 1228 cohortium
684 1178 839 1245 excutere,
863 1175 894 1225 ut
912 1183 1040 1242 magnam
1055 1165 1223 1245 quorundam

227 1248 396 1330 foedamque
417 1252 576 1328 avaritiam,
592 1249 803 1329 neglegentiam
819 1268 932 1329 parem,
947 1252 985 1308 ita
998 1248 1081 1310 huius
1094 1255 1256 1310 summania

201 1334 433 1414 tintegritatem,
456 1334 606 1395 sollicitam
627 1331 800 1412 diligentiam
821 1335 923 1394 iuveni.
956 1331 1060 1393 Postea
1082 1340 1224 1412 promotus
1294 1383 1296 1400 ,

225 1417 261 1478 ad
280 1417 467 1496 amplissimas
485 1419 718 1496 procurationes,
745 1416 821 1478 nulla
843 1418 996 1477 occasione
1018 1425 1171 1497 cormptus
1191 1415 1223 1474 ab
1289 1440 1292 1451 ·

224 1502 309 1561 insito
322 1501 510 1562 abstinentiae
524 1518 620 1561 amore
634 1500 766 1562 deflexit:
781 1518 928 1580 numquam
940 1498 1074 1560 secundis
1089 1500 1176 1560 rebus
1186 1500 1223 1557 in-

224 1586 340 1662 tumuit,
361 1601 510 1663 numquam
528 1583 686 1646 ciliciorum
704 1587 841 1645 varictate
864 1585 1023 1643 continuam
1043 1581 1157 1642 laudem
1176 1581 1222 1641 bn-

224 1669 362 1728 manitatis
372 1667 503 1746 infregit,
525 1667 680 1748 eademque
699 1669 827 1729 firmitate
842 1667 922 1726 animi
938 1665 1083 1726 laboribus
1101 1667 1220 1740 suffecit,
1230 1667 1254 1719 15

199 1760 280 1831 iqua
294 1770 369 1811 nnuc
391 1754 478 1812 otium
495 1754 608 1830 patitur.
642 1750 727 1825 Quod
746 1751 859 1830 quidem
880 1748 1026 1829 paulisper
1047 1767 1112 1809 cum
1129 1765 1222 1827 magua

223 1853 274 1894 saa
289 1834 372 1895 laude
388 1837 536 1896 intermisit
551 1845 581 1896 et
595 1837 701 1915 posuit,
715 1852 731 1895 a
748 1834 875 1896 Corellio
890 1841 988 1894 nostro
1006 1852 1044 1893 ex
1054 1831 1221 1894 liberalitate

223 1919 402 1994 imperatoris
423 1917 536 1978 Nervae
558 1919 684 1979 emendis
707 1917 922 1995 dividendisque
943 1917 1019 1994 agris
1043 1917 1157 1977 adiutor
1179 1915 1228 1975 ad·-

223 2008 361 2077 sumptus.
395 2000 506 2061 Etenim
521 2018 575 2079 qua
589 2000 681 2078 gloria
697 2000 810 2079 dignum
831 2011 877 2062 est
896 2017 1004 2060 summo
1023 2001 1085 2062 viro
1105 2002 1137 2060 in
1151 2008 1221 2061 tanta

196 2082 345 2159 coligendi
366 2083 501 2144 facultate
517 2087 673 2163 praecipue
692 2081 858 2164 placuisse?
884 2081 963 2144 Idem
985 2100 1066 2162 quam
1086 2083 1254 2145 reveren-li
1294 2073 1295 2128 l

222 2175 277 2243 ter,
296 2184 376 2244 quam
392 2165 514 2228 lideliter
527 2168 634 2229 amicos
649 2169 724 2229 colat
739 2167 888 2228 multorum
904 2168 1045 2247 supremis
1055 2166 1181 2246 iudiciis,
1196 2168 1221 2226 in

220 2249 265 2310 bis
279 2248 352 2309 Anni
373 2249 472 2329 Rassi,
493 2252 651 2328 gravisdmi
668 2253 757 2330 civis,
773 2253 893 2312 credere
910 2260 1005 2330 potes,
1022 2251 1102 2311 onius
1117 2266 1221 2311 memo·

220 2335 289 2393 nam
304 2343 360 2394 tant
370 2343 450 2412 grata
468 2333 677 2414 praedicatione
692 2344 827 2415 prorogat
843 2344 872 2396 et
886 2333 1012 2395 extendit
1026 2342 1056 2394 ut
1068 2333 1173 2394 librum
1187 2333 1220 2393 de

220 2418 277 2477 rita
291 2420 353 2479 eius
369 2420 445 2493 (nam
460 2417 551 2480 studia
565 2436 680 2499 quoque
695 2421 769 2480 sicut
782 2419 851 2480 alias
866 2418 956 2479 bonas
966 2425 1041 2477 artes
1054 2417 1219 2495 veneratur)
1293 2433 1294 2438 ¹

195 2500 349 2562 dediderit.
369 2498 520 2562 Pulchrum
534 2501 611 2563 istud
627 2512 656 2562 et
670 2505 784 2564 raritate
795 2503 858 2580 ipsa
871 2500 1063 2580 probandum,
1080 2519 1145 2561 cum
1160 2493 1252 2580 ple-²⁵

195 2586 300 2663 irique
321 2583 458 2647 hactenus
478 2585 675 2648 defunctorum
694 2587 870 2646 meminerint
891 2593 921 2646 ut
947 2593 1108 2664 querantur.
1141 2585 1219 2645 Hunc

219 2666 378 2747 bominem,
397 2668 730 2750 adpetentissimumtui,
745 2667 931 2747 mihicrede,
948 2667 1154 2747 complectere,
1175 2667 1218 2728 ad·

219 2750 376 2829 prebende,
391 2753 475 2813 immo
490 2762 520 2814 et
533 2753 619 2814 invita
633 2770 667 2813 ac
678 2754 721 2814 sic
735 2771 806 2831 arna,
820 2761 959 2832 tamqnam
972 2753 1088 2830 gratiam
1101 2753 1216 2814 reieras.

218 2831 320 2910 Neque
332 2836 406 2893 euim
421 2835 590 2914 obligandus
603 2836 656 2898 sed
670 2836 890 2898 remunerandus
906 2845 951 2898 est
965 2838 994 2895 in
1007 2837 1110 2896 amoris
1123 2836 1216 2897 cilicio

218 2918 265 2994 qui
280 2918 358 2994 prior
374 2920 480 2997 coepit.
512 2916 593 2980 Vale.
1222 2921 1251 2974 3⁰

656 3065 774 3128 xxxii.

397 3165 425 3220 c,
444 3164 567 3218 naturus
584 3165 712 3218 suanno
728 3165 917 3219 rnosocnno
935 3166 997 3220 suo
1013 3167 1040 3220 a.

195 3291 205 3344 1
278 3282 419 3344 Delector
432 3284 582 3344 iucundum
596 3284 646 3344 tibi
659 3284 749 3345 inisse
767 3284 877 3346 'lironis
894 3288 951 3348 mei
962 3285 1126 3350 adventum:
1141 3283 1214 3365 quod

217 3383 289 3426 aero
309 3367 414 3428 scribis
435 3365 529 3428 oblata
548 3368 701 3427 occasione
724 3368 905 3445 proconsulis
919 3368 1055 3449 plurimos
1069 3371 1249 3432 manumitte

218 3463 285 3525 sos,
306 3451 390 3510 unice
410 3447 511 3509 laetor.
544 3448 639 3529 Gupio
653 3452 727 3510 enim
739 3454 857 3531 patriam
872 3463 997 3516 nostram
1011 3455 1139 3516 omnibus
1155 3453 1213 3531 qui·

217 3529 282 3590 dem
302 3533 389 3591 rebus
411 3533 526 3609 augeri,
553 3534 673 3593 maxime
696 3544 789 3596 umen
815 3537 918 3598 civium
938 3553 1070 3600 numero:
1096 3538 1125 3599 id
1142 3537 1213 3598 enim
1290 3563 1291 3608 ;
