2616 4096
283 307 545 372 sursnumnuu
558 321 700 375 aa-sc
715 313 879 390 [ιε-ιε]
1023 311 1083 375 an

81 463 149 522 tinet
163 463 446 542 inquitereuuorum
465 465 535 525 vitio
556 464 592 524 ad
612 465 669 530 hoc
689 475 801 544 tempus
818 473 921 525 tantam
936 467 1085 544 pecuniam
1148 475 1150 481 '

81 543 304 609 Nicomedenses
320 547 510 626 perdiderint,
533 567 586 626 ne,
609 549 674 609 dum
689 550 763 610 inter
778 568 811 610 se
826 549 1033 627 gratificantur,
1055 559 1085 610 et

81 629 272 692 inchoaverint
285 649 376 710 aquae
390 630 492 692 ductus
508 641 538 693 et
554 632 731 712 reliquerint.
766 632 841 706 Quid
863 634 959 712 itaque
974 647 1082 711 conpe-

81 715 148 775 rerIs
162 715 265 793 perier
279 717 307 774 in
321 716 447 777 notitiam
461 733 560 776 meam.

351 841 375 878 *ἱ
405 848 577 912 XXXVIIII.
600 849 753 932 [XLVIII]

256 966 261 977 ι
301 949 328 1002 o.
346 949 473 1002 animus
489 949 634 1004 ¹ausimano
651 951 862 1006 mansurum.

59 809 74 858 5

139 1052 305 1131 Theatrum,
317 1052 440 1130 domiue,
453 1053 578 1116 Nicaeae
590 1057 708 1116 maxima
719 1058 774 1116 iam
784 1065 866 1135 parte
876 1064 1081 1134 constructum,
1093 1066 1107 1118 1

81 1136 268 1217 iuperleetum
289 1147 399 1216 tamen,
420 1141 600 1216 sestertium,
623 1148 654 1199 nt
674 1139 776 1216 audio,
798 1140 908 1219 (nequis
923 1142 997 1199 enim
1012 1142 1083 1200 ratio

47 1220 165 1300 10[plus]
181 1240 308 1283 excussa
323 1223 383 1301 est)
403 1220 523 1302 amplius
540 1225 650 1285 centies
670 1223 777 1284 hausit:
798 1241 953 1284 vereor-ne
969 1223 1081 1285 frustra.

81 1303 244 1383 Ingentibus
259 1307 334 1366 enim
348 1307 425 1367 rinus
436 1301 594 1368 ¹descendit
608 1316 636 1367 ct
656 1307 732 1386 hiat,
754 1309 816 1368 sive
836 1309 866 1367 In
888 1325 973 1367 causa
991 1305 1108 1371 solumi

82 1389 198 1451 umidum
212 1399 243 1451 et
256 1388 355 1466 molle,
371 1391 433 1452 sive
447 1391 520 1471 lapis
534 1393 599 1469 ipse
612 1391 730 1469 gracilis
746 1401 775 1452 et
790 1391 895 1470 putris:
911 1389 1025 1468 dignum
1037 1400 1082 1452 εει

83 1484 157 1535 certe
180 1474 388 1536 deliberatione
415 1477 490 1536 sitne
513 1474 673 1536 iaciendum
693 1493 728 1536 an
753 1476 790 1539 sit
810 1473 1025 1554 relinquendum
1048 1493 1082 1535 an

84 1561 162 1619 etiam
183 1559 396 1621 destruendum.
436 1559 508 1620 Nam
528 1559 649 1622 fulturae
670 1577 705 1621 ac
726 1561 957 1621 substructiones
978 1560 1081 1640 quibus

51 1646 76 1698 15
84 1644 198 1706 subinde
214 1645 371 1724 suscipitur
385 1661 442 1704 non
462 1654 517 1706 um
535 1645 630 1706 mnae
653 1644 720 1704 mihi
740 1663 822 1724 quam
843 1653 1026 1724 sumptuosae
1040 1645 1083 1703 vi·

84 1726 186 1788 dentur.
208 1727 285 1789 lluIe
299 1728 411 1788 theatro
422 1747 460 1789 ex
475 1727 646 1807 privatorum
662 1726 914 1806 pollicitationibus
929 1726 1015 1787 multa
1030 1725 1105 1788 deo

83 1811 195 1888 bantur,
219 1822 250 1874 ut
271 1811 406 1874 heallicae
424 1812 517 1889 circa,
540 1821 569 1872 ut
589 1815 718 1892 porticus
739 1829 825 1893 supra
845 1829 969 1872 caream.
1000 1808 1081 1882 Quae

82 1913 151 1956 nunc
165 1899 259 1957 omnia
275 1896 440 1957 differuntur
455 1904 587 1958 cessante
605 1914 641 1958 eo
656 1896 732 1976 quod
744 1905 808 1957 ante
820 1894 1014 1975 peragendum
1025 1902 1079 1954 εει.

85 1977 167 2040 lidem
182 1980 361 2042 NIcaeenses
375 1981 550 2058 gymnasium
563 1980 695 2042 incendio
711 1981 843 2041 amissum
855 1989 920 2040 ante
932 1978 1108 2041 adventumt

50 2060 170 2123 limeum
184 2067 339 2126 restituere
356 2073 524 2142 coepemnt,
542 2064 629 2144 longe
643 2065 822 2126 numerosius
837 2063 986 2143 laxiusque
1000 2080 1082 2142 quam

85 2146 185 2226 luerat,
207 2159 237 2209 ει
259 2151 313 2208 iam
332 2148 504 2226 ailquantum
525 2159 732 2226 erogaverunt,
748 2147 906 2227 periculum
922 2157 967 2208 est
981 2165 1017 2206 ue
1033 2164 1082 2226 pa·

83 2247 138 2290 mm
151 2233 273 2301 utiliter;
288 2234 498 2312 inconpositum
514 2235 588 2294 enim
600 2242 629 2294 et
643 2250 771 2312 sparsum
786 2241 841 2293 eet.
873 2229 1024 2292 Praeterea
1040 2247 1083 2289 ar·

85 2313 234 2394 obitectus,
249 2335 318 2378 sane
333 2315 462 2378 aemulus
479 2318 541 2379 eius
560 2335 576 2376 a
593 2335 649 2395 quo
666 2323 742 2395 opus
755 2315 916 2376 inchoatum
929 2323 984 2389 est,
1000 2313 1082 2372 adbr-

84 2408 135 2459 mat
156 2403 284 2480 parietes
301 2418 467 2480 quamquam
487 2403 586 2478 viginti
609 2411 638 2461 et
663 2400 735 2474 duos
759 2399 849 2479 pedes
867 2398 940 2458 latos
960 2398 1082 2475 iupositu

50 2485 164 2545 abunere
178 2488 322 2546 sustinere
336 2502 394 2545 non
412 2503 519 2564 posse,
538 2487 603 2564 qula
618 2486 673 2545 sint
689 2493 836 2545 caemento
850 2481 936 2543 medii
951 2481 1012 2541 lacti
1028 2497 1082 2539 nec

85 2572 207 2630 testaceo
224 2585 313 2647 opere
326 2571 493 2650 praecincti.
516 2567 752 2648 Claudiopolitani
769 2585 883 2648 quoque
899 2567 927 2626 Iu
942 2565 1108 2644 depressos

85 2647 155 2727 loco,
172 2655 327 2714 inminente
342 2656 425 2714 etiam
439 2664 546 2731 monte,
562 2655 665 2731 ingens
680 2653 821 2712 balineum
836 2649 982 2710 defodiunt
993 2649 1082 2724 magis

87 2750 162 2810 quam
181 2736 347 2815 aedificant,
373 2747 402 2799 et
422 2737 536 2816 quidem
553 2756 589 2797 ex
604 2755 638 2797 ea
654 2737 775 2816 pecunia
789 2751 871 2813 quem
886 2734 1020 2794 buleutae
1035 2731 1083 2792 ad·

87 2815 132 2878 diti
150 2820 293 2893 beneficio
313 2831 362 2882 tuo
383 2823 504 2882 entiam
527 2821 689 2881 obtulerunt
709 2821 746 2881 ob
771 2821 914 2879 introitum
934 2829 981 2880 aut
1000 2817 1083 2877 nobis

53 2903 260 2980 dtemgentibus
276 2906 435 2967 coniernnt.
469 2903 550 2983 Ergo
572 2923 635 2965 cum
651 2906 764 2966 timeam
779 2923 816 2964 ne
830 2902 889 2964 illie
903 2903 1018 2983 publiea
1033 2909 1110 2980 pe=6

88 2989 180 3068 cunia,
202 2990 267 3067 bic,
292 2988 368 3069 quod
384 2997 429 3049 εει
451 2991 525 3048 omni
546 2992 668 3067 pecunia
689 2989 859 3068 pretiosius,
887 3005 986 3047 munus
1006 2995 1084 3046 tuum

86 3068 152 3130 male
173 3073 361 3150 conlocetur,
384 3089 475 3150 cogor
495 3082 596 3151 petere
617 3092 633 3134 a
656 3083 685 3134 te
708 3090 765 3133 non
785 3071 876 3133 solum
893 3073 930 3131 ob
944 3070 1083 3132 theatrum

87 3160 275 3230 verumetiam
292 3159 330 3219 cb
354 3156 427 3218 haec
450 3155 561 3218 balinea
578 3160 670 3218 mittas
691 3157 875 3218 architectum
891 3154 1084 3232 dispecturum

87 3243 170 3298 utrum
192 3244 230 3302 sit
249 3241 350 3308 utilius,
364 3248 431 3320 post
454 3251 596 3321 sumptum
618 3243 666 3320 qui
687 3242 779 3302 factus
805 3245 850 3299 est
870 3234 1083 3315 quoquomodo

53 3319 273 3386 boconsummare
289 3343 396 3404 opera,
413 3333 443 3385 ut
458 3325 589 3386 Inchoata
605 3334 685 3403 sunt,
707 3343 741 3384 an
757 3339 829 3401 quae
844 3321 974 3381 videntur
989 3336 1084 3378 emen·

89 3399 170 3466 danda
184 3412 347 3488 corrigere,
372 3427 446 3488 quae
461 3409 656 3469 transferenda
671 3407 843 3482 transferre,
865 3423 918 3480 ne,
941 3403 1006 3462 dmn
1024 3419 1084 3462 ser·

88 3492 293 3555 essevolumus
310 3492 386 3574 qnod
401 3495 552 3571 inpensum
566 3503 627 3570 est,
652 3491 725 3552 male
744 3487 930 3568 inpendemus
947 3485 1024 3566 quod
1038 3484 1084 3545 ad·

90 3565 202 3634 dendum
216 3588 270 3638 est.

859 3653 922 3717 14*
