2632 4096
377 318 640 382 uersuumuuu
655 320 690 380 v.
713 331 738 384 s.
763 323 838 400 (aa.)
1070 321 1112 382 oo

111 470 175 547 ipso
189 469 300 532 diversa
320 473 397 551 quod
418 473 536 532 maxima
560 472 727 532 confundam
747 473 955 552 misceamque,
979 492 1016 534 ne
1036 481 1111 534 tanta

111 555 189 632 quasi
214 554 376 617 colluvione
391 557 518 616 turbatus
533 555 572 616 ibi
587 555 688 616 iaciam
702 556 778 635 quod
792 556 839 618 bic
854 555 964 626 debeo;
986 557 1110 635 ideoque

110 639 218 697 interim
232 639 360 717 veniam,
380 658 416 699 ne
435 657 451 698 a
472 639 543 699 meis
563 641 660 700 verbis
684 639 832 716 reccdam,
855 639 1010 700 advocandi
1030 650 1111 719 peto.

110 718 149 780 l'u
167 730 261 781 tamen
281 723 336 781 iam
352 740 427 782 nunc
450 723 545 800 cogita
567 740 639 801 quac
659 724 836 802 potissimum
859 727 987 803 tempora
1008 731 1152 801 aggredi

87 803 175 868 saian
210 804 316 865 Vetera
338 815 367 867 et
387 807 493 884 scripta
517 804 600 867 aliisi
626 815 722 884 parata
736 807 897 885 inquisitio,
921 807 974 868 sed
990 824 1110 868 onerosa

110 887 241 948 collatio:
266 889 369 950 intacta
382 897 412 949 et
428 886 522 949 nova?
549 889 644 967 gravis
660 890 799 969 oliensae,
820 890 894 952 lovis
909 892 1009 967 gratia.
1039 889 1109 950 Nam
1120 896 1151 950 13

110 981 223 1048 praeter
240 971 269 1031 id
285 973 361 1050 quod
376 972 405 1031 in
425 974 510 1033 tantis
529 973 605 1034 vitiis
629 973 771 1033 hominurn
794 974 875 1054 plura
891 974 1029 1054 culpanda
1045 983 1109 1035 sunt

109 1073 190 1132 quam
203 1055 356 1131 laudanda,
377 1065 451 1133 tum,
470 1057 494 1116 si
509 1055 684 1135 laudaveris,
701 1075 822 1136 parcus,
840 1059 864 1119 si
881 1057 1053 1137 culpaveris,
1069 1059 1110 1116 ni·

108 1139 177 1200 mius
193 1138 285 1201 luisse
301 1139 418 1207 dicaris;
440 1141 567 1218 quamam
588 1139 659 1199 illud
677 1141 860 1220 plenissime,
886 1141 943 1201 hoc
956 1143 1109 1203 restrictis·

73 1222 178 1291 rosime
195 1223 314 1283 leceris.
345 1223 403 1283 Sed
418 1222 490 1283 baec
507 1241 552 1282 me
573 1241 630 1283 non
645 1223 801 1285 retardant:
824 1234 869 1286 est
885 1225 958 1284 enim
974 1225 1041 1283 milui
1057 1243 1109 1303 pro
1119 1229 1149 1284 ll

110 1305 162 1366 lide
171 1308 240 1368 satis
249 1307 341 1366 animi.
363 1304 525 1385 llludpeto,
541 1317 721 1386 praesternas
736 1307 770 1368 ad
786 1308 861 1387 quod
872 1307 991 1368 hortaris
1006 1307 1109 1385 eligas-

112 1409 163 1468 que
178 1390 342 1468 materiam,
356 1409 393 1450 ne
408 1390 474 1450 mibi
488 1391 543 1450 iam
557 1391 686 1451 scribere
703 1402 803 1470 parato
816 1391 869 1452 alia
883 1409 980 1453 rursus
996 1401 1109 1453 cuncta

110 1474 190 1534 tionis
207 1483 236 1536 ct
251 1491 348 1534 morae
361 1473 434 1534 iusta
449 1475 520 1533 ratio
534 1484 675 1534 nascatur.
707 1474 787 1536 Vale.

450 1611 472 1650 a
505 1607 709 1688 vru1.1xxr.]

409 1706 437 1761 G.
457 1704 583 1758 PLINIUS
601 1705 684 1758 RUFO
701 1705 761 1758 SUO
779 1707 807 1758 S.

168 1807 383 1870 Descenderam
399 1810 427 1868 in
444 1808 588 1870 basilicam
603 1808 717 1886 Iuliam,
739 1807 882 1868 auditurus
901 1808 1002 1887 quibus
1015 1808 1110 1887 proxi·
1119 1822 1134 1874 1

109 1909 152 1952 ma
171 1893 469 1970 comperendinatione
491 1893 668 1971 respondere
691 1892 839 1953 debebam.
872 1892 1016 1953 Sedebant
1040 1890 1135 1957 indi-a

111 1993 176 2054 ces,
197 1975 354 2038 decemviri
376 1986 529 2056 venerant,
556 1977 780 2038 obversabantur
798 1976 943 2054 advocati,
968 1975 1109 2037 silentium

72 2058 239 2138 totongum,
260 2059 372 2120 tandem
393 2079 408 2120 a
425 2070 558 2140 praetore
579 2061 702 2121 nuntius.
729 2059 911 2120 Dimittuntur
932 2061 1106 2138 centumviri,

108 2145 236 2203 eximitur
249 2142 322 2221 dies,
337 2162 383 2204 me
396 2142 556 2222 gaudente,
578 2146 626 2223 qui
640 2162 788 2223 numquam
808 2144 846 2204 ita
865 2153 979 2223 paratus
999 2162 1061 2204 sum
1078 2150 1109 2202 nt

108 2243 161 2286 non
174 2245 254 2288 mora
270 2226 371 2288 laeter.
404 2225 496 2288 (lausa
511 2227 652 2288 dilationis
666 2227 767 2307 Nepos
785 2237 917 2306 praetor,
934 2229 981 2307 qui
993 2227 1134 2305 legibusa

109 2311 221 2388 quaerit.
246 2310 437 2391 Proposuerat
458 2313 546 2372 breve
568 2311 708 2390 edictum,
729 2311 896 2372 admonebat
911 2320 1107 2386 accusatores,

108 2393 273 2457 admonebat
290 2411 358 2456 reos
379 2406 580 2456 exsecuturum
601 2415 634 2457 se
655 2414 728 2474 quac
750 2404 865 2456 senatus
885 2394 1016 2455 consulto
1038 2409 1107 2454 con·

73 2479 272 2546 nstinerentur.
314 2477 434 2540 Subemt
462 2480 557 2540 edicto
578 2489 693 2541 senatus
716 2479 892 2540 consultum:
917 2477 974 2536 boc
995 2489 1133 2554 omnes,4
1193 2537 1196 2546 ,

110 2563 239 2640 quisquis
256 2564 400 2640 negotium
421 2563 558 2641 baberet,
582 2565 674 2623 iurare
697 2563 775 2640 prius
795 2580 878 2642 quam
894 2569 1013 2638 agerent
1027 2561 1106 2620 iube·

111 2645 205 2706 bantur
226 2645 295 2705 nilril
315 2665 348 2708 se
369 2646 407 2706 ob
427 2645 641 2708 advocationem
661 2646 791 2725 cuiquam
813 2643 928 2705 dedisse
940 2644 1107 2723 promisisse
1129 2681 1149 2703 a
1162 2671 1190 2718 a:
1211 2693 1229 2704 .,

110 2731 228 2791 cavisse.
258 2728 308 2790 llis
324 2731 397 2790 enim
411 2730 555 2792 verbisne
572 2729 650 2790 mille
666 2738 816 2809 praeterea
828 2738 856 2789 et
871 2728 970 2788 venire
986 2727 1107 2787 advoca·

109 2813 197 2875 tiones
214 2822 245 2874 et
259 2816 314 2874 emi
328 2815 504 2874 vetabantur.
536 2814 662 2874 Peractis
676 2822 769 2873 tamen
786 2813 910 2891 negotiis
925 2812 1107 2891 permitteba-

74 2903 152 2961 totur
164 2899 313 2977 pecuniam
328 2897 469 2957 dumtaxat
483 2897 584 2959 decem
603 2897 709 2957 milium
730 2896 807 2958 dare.
839 2896 902 2956 lloc
917 2896 993 2956 iacto
1007 2894 1133 2973 Nepo·5

110 2979 144 3041 tis
159 2991 317 3042 commotus
331 2991 447 3060 praetor
464 2983 511 3060 qui
525 2980 772 3042 centumviralibus
786 2979 979 3060 praesidebat,
998 2977 1107 3038 delibe-

110 3072 215 3126 raturus
231 3083 265 3125 an
281 3075 452 3144 sequeretur
467 3064 646 3143 exemplum,
668 3065 839 3143 inopinatum
853 3064 936 3123 nobis
955 3062 1042 3121 otium
1058 3060 1107 3120 de-

112 3145 158 3206 dit.
188 3149 302 3209 lnterim
326 3159 384 3209 tota
406 3149 521 3210 civitate
535 3147 657 3227 Nepotis
678 3148 801 3209 edictum
823 3149 947 3226 carpitur
970 3143 1132 3209 laudatura

111 3225 185 3290 llulti
201 3233 369 3294 ‘invenimus
385 3233 433 3311 qui
448 3250 534 3292 curva
552 3233 719 3309 corrigeret.
742 3226 838 3305 Quid?
854 3238 918 3290 ante
934 3227 1009 3286 bunc
1023 3243 1105 3305 prac-

76 3315 187 3376 ibtores
207 3334 262 3376 non
283 3313 417 3377 luerunt?
437 3317 501 3394 quis
523 3323 617 3376 autem
633 3315 680 3375 bic
702 3324 747 3375 est
764 3317 811 3392 qui
826 3310 957 3374 emendet
972 3309 1106 3389 publicos

113 3395 243 3459 mores‘l’
278 3400 333 3460 Alii
355 3407 453 3460 contra
475 3399 647 3459 ‘rectissime
665 3399 750 3458 iecit:
778 3399 894 3456 initurus
914 3395 1106 3471 magistratum

113 3480 168 3540 iura
183 3486 331 3561 cognovit,
345 3490 460 3545 senatus
476 3481 604 3544 consulta
620 3481 707 3559 legit,
723 3480 850 3559 reprimit
863 3476 1043 3538 foedissimas
1057 3493 1106 3555 pa·

114 3564 237 3643 ctiones,
261 3585 322 3628 rem
343 3564 560 3645 pulcherrimam
586 3565 747 3642 turpissime
774 3565 872 3623 venire
899 3577 956 3692 pop
980 3561 1105 3640 patitur?

74 1651 102 1703 lo
