2614 4104
251 340 269 374 ,
342 296 606 362 raunnrmous
623 307 667 364 ru
680 309 778 368 raso.
792 309 839 364 sa.
1022 303 1086 370 aaa

80 452 220 530 sumpsit,
244 461 300 511 tam
320 449 442 528 diligens
463 453 677 530 temperamenti
696 460 727 512 nt
744 469 800 513 nec
818 452 945 514 consulis
960 453 1086 516 officium

80 537 218 615 princeps
239 553 296 594 nee
314 535 452 612 principis
474 533 574 596 consul
588 533 747 611 adpeteret.
775 535 911 599 Videmus
926 546 957 596 ut
971 540 1085 615 provin,-

81 621 189 678 ciernm
203 617 369 694 desideriis,
390 627 422 677 ut
436 617 608 695 singularum
624 619 708 678 etiam
724 620 867 682 civitatum
882 620 1018 699 precibus
1035 637 1084 682 oc·

82 711 189 762 currat.
198 698 284 762 Nulla
297 702 325 760 in
339 699 479 762 audiendo
494 699 657 778 difficultas,
672 701 749 762 nulla
764 704 793 762 in
808 702 1011 782 respondendo
1022 722 1083 778 mo·⁴

54 797 126 846 bra:
141 784 245 846 adeunt
260 785 368 858 statim,
384 783 558 844 dimittuntur
572 785 681 854 statim;
702 785 871 865 tandemque
886 788 1025 866 principis
1039 788 1084 849 lo·

80 888 131 929 res
146 867 263 928 exclusa
284 867 458 943 legationum
473 868 555 928 turba
565 885 622 927 non
637 867 760 930 obsidet.
792 867 888 943 Quid?
910 873 938 931 in
953 871 1082 940 omnibus
1093 881 1135 946 80

82 951 295 1029 cognitionibus
312 947 394 1029 qiam
410 952 485 1012 mitis
506 952 663 1028 serentes,
690 969 772 1031 quem
791 970 848 1016 non
868 953 1005 1018 dissoluta
1022 954 1082 1016 ele·

79 1033 199 1096 mentia!
225 1033 291 1094 Non
304 1032 507 1112 locupletando
524 1035 595 1097 fiseo
616 1034 721 1113 sedes,
743 1055 799 1098 nee
814 1037 890 1101 aliud
904 1039 954 1100 tibi
968 1047 1082 1100 senten·
1141 1066 1143 1070 ·

78 1121 137 1178 tiae
154 1126 218 1178 tuae
232 1119 354 1195 pretinm
368 1133 450 1195 mam
466 1118 540 1179 bene
557 1117 710 1180 iudicasse.
739 1120 820 1182 Stant
834 1130 898 1184 aute
913 1131 943 1182 te
959 1121 1082 1201 litigato·

38 1213 130 1266 tores
143 1219 200 1262 non
210 1200 248 1260 de
261 1200 381 1262 fortunis
395 1202 466 1278 suis,
481 1200 533 1262 ssd
548 1201 584 1262 de
599 1211 646 1262 tna
664 1204 870 1266 existimatione
884 1203 1011 1282 solliciti,
1027 1224 1082 1266 nec

79 1294 139 1346 mm
151 1293 286 1344 verentur
302 1283 369 1362 quid
384 1284 419 1350 de
436 1301 521 1349 eausa
536 1303 586 1346 sna
599 1303 682 1364 quarn
695 1285 810 1365 quidde
824 1289 949 1349 moribus
965 1291 1082 1350 senties.

80 1367 106 1428 0
126 1386 196 1430 rere
220 1369 358 1447 principis
378 1377 463 1446 atque
478 1370 563 1428 etiem
581 1368 725 1446 consulis,
751 1371 940 1438 reconciliare
954 1371 1082 1434 aemulas

79 1453 229 1528 uiuimus,
254 1459 452 1530 tumentesque
473 1452 597 1530 populos
617 1471 674 1513 non
692 1455 813 1532 imperio
831 1457 924 1533 magis
939 1473 1021 1534 mam
1038 1473 1081 1514 ra·

78 1537 160 1596 tium
177 1551 371 1613 conpescere;
388 1534 568 1598 intercedere
582 1538 776 1617 iniquitatibus
789 1541 1018 1618 magistratuum,
1040 1542 1081 1600 in

37 1619 247 1697 miserumque
273 1617 396 1680 reddere
416 1617 552 1698 quidquid
572 1621 633 1682 lieri
653 1637 712 1680 non
735 1625 906 1700 oportueritr
935 1633 1081 1702 postremo

78 1700 256 1778 uelocisarmr
270 1700 373 1763 sideris
386 1719 467 1764 more
483 1705 574 1768 omnia
589 1705 731 1780 inrisere,
753 1708 845 1766 omnia
857 1707 971 1783 andire,
988 1714 1018 1766 et
1030 1723 1081 1765 un·

79 1785 240 1862 denumque
261 1789 422 1846 invocatum
435 1787 544 1864 statim,
565 1786 646 1848 velut
659 1788 904 1865 uumen‚.aoesse
918 1797 948 1850 et
961 1788 1080 1850 adsiste·

77 1867 127 1928 re!
156 1867 234 1929 Talia
252 1887 319 1930 esse
340 1867 510 1932 crediderim
527 1887 600 1949 quae
619 1873 685 1950 ipse
706 1871 801 1932 mnndi
818 1890 922 1951 parens
943 1881 1083 1951 temperat

78 1960 166 2028 nutu,
187 1953 213 2012 si
232 1952 344 2030 quando
362 1951 464 2016 oeulos
479 1951 592 2017 demisit
606 1955 634 2016 in
649 1963 740 2016 terras
755 1964 785 2015 et
800 1955 856 2018 iata
870 1954 1026 2018 mortalium
1040 1956 1082 2014 in-

37 2044 126 2099 toter
145 2035 237 2095 divina
258 2053 346 2115 opera
366 2053 513 2098 numerare
528 2036 657 2116 dignatus
673 2048 732 2102 est:
755 2057 809 2118 qua
823 2058 899 2102 nune
912 2049 993 2120 parte
1008 2038 1082 2100 liber

79 2117 266 2198 solutusque,
281 2129 393 2182 tantum,
403 2118 485 2180 eaelo
500 2131 597 2199 vacat,
620 2132 771 2203 postquam
785 2134 814 2185 te
831 2124 925 2201 debir,
947 2125 996 2203 qni
1012 2141 1081 2200 erga

78 2221 164 2264 omne
186 2203 326 2263 homiuum
351 2221 443 2280 genus
468 2205 533 2264 viee
560 2223 611 2265 sna
635 2206 807 2285 fungereris.
845 2206 985 2285 Fungeris
1006 2208 1081 2266 enim

78 2286 247 2364 sullieisque
258 2285 412 2363 mandenti,
435 2304 499 2348 cnm
513 2288 563 2348 tibi
578 2289 641 2350 dies
655 2292 745 2350 omnis
759 2309 866 2352 summa
881 2308 945 2351 enm
960 2288 1079 2350 utilitate

77 2379 192 2446 nostra,
209 2387 316 2432 summa
331 2388 394 2430 enm
411 2379 458 2430 tua
472 2369 555 2431 lande
572 2371 717 2436 condatur.

36 2463 69 2516 2¹>
143 2451 252 2526 Quodsi
266 2453 377 2532 quando
395 2471 460 2514 cum
473 2454 655 2516 induentibus
669 2458 793 2533 negabis
807 2457 885 2534 paria
904 2454 1016 2531 iecisti,
1037 2456 1079 2516 in·
1089 2456 1128 2520 81

76 2546 138 2596 star
154 2535 321 2598 relectionis
340 2538 484 2600 existimas
498 2540 681 2599 mutationem
702 2539 818 2600 laboris.
847 2536 928 2612 Quae
944 2540 1018 2600 enim
1033 2556 1079 2598 re·

76 2621 176 2680 missio
191 2619 240 2680 tibi
255 2621 309 2681 nisi
322 2619 444 2686 lustrare
458 2621 559 2699 saltus,
575 2633 712 2684 excutere
728 2622 870 2684 eubilibus
884 2622 978 2700 ieras,
993 2639 1079 2701 supe·

76 2721 141 2764 rare
159 2704 284 2764 inmensa
297 2706 431 2764 montium
444 2705 511 2781 iuga
525 2715 555 2766 et
568 2706 748 2768 horrentibus
762 2705 892 2784 scopulis
906 2705 1024 2784 gradum
1039 2707 1079 2764 in·

77 2786 172 2862 lerre,
188 2785 291 2849 nullius
302 2805 402 2865 manu,
414 2787 520 2850 nullius
530 2791 654 2868 vestigio
665 2791 807 2868 adiutum,
821 2799 907 2869 atque
921 2792 994 2852 inter
1005 2788 1079 2850 haee

36 2879 69 2934 bo
78 2871 126 2948 pie
140 2879 234 2930 mente
249 2869 327 2932 adire
341 2870 424 2934 lucos
437 2881 466 2932 et
482 2889 637 2936 occursare
650 2870 830 2936 numinibus?
853 2873 927 2934 Olim
940 2873 1014 2936 haee
1029 2891 1079 2936 ex·

76 2954 218 3032 perientiu
231 2955 403 3033 iuventutis,
419 2954 492 3016 luaee
508 2955 641 3035 voluptas
653 2967 730 3036 erat,
747 2956 792 3020 lris
808 2959 915 3020 artibus
929 2958 1013 3018 lutari
1029 2956 1078 3017 dn·

77 3053 129 3096 ces
144 3036 349 3116 inbuebantnr,
372 3048 482 3100 certare
496 3057 561 3101 ema
574 3041 723 3118 fugacibus
740 3042 809 3103 ieris
831 3060 931 3119 cursu,
954 3059 1017 3102 cnm
1030 3058 1078 3100 uu·

77 3119 197 3180 ducibus
210 3121 333 3200 robore,
354 3139 417 3183 eum
433 3122 543 3184 callidis
557 3134 632 3193 estn;
659 3143 714 3186 neo
728 3124 875 3186 mediocre
890 3125 970 3201 pacis
988 3123 1077 3183 decos

75 3203 234 3264 habebatur
248 3213 386 3268 summota
404 3209 510 3286 eampis
525 3210 647 3287 inruptio
665 3208 788 3269 ferarum
802 3217 831 3268 et
845 3206 994 3268 obsidione
1011 3223 1077 3284 qua·

35 3296 67 3350 ³5
79 3285 142 3346 dam
161 3286 296 3352 liberatus
318 3291 473 3366 agrestium
495 3290 585 3352 labor.
616 3290 795 3370 Usnrpabent
809 3287 928 3367 gloriam
941 3291 1024 3350 istam
1037 3287 1078 3348 illi

74 3372 1078 3535 ttttttltltbllblblllftbb‘tlzbtlbbllllll

75 3536 142 3598 dem
161 3536 311 3600 ludibrium
339 3538 458 3602 emissas
475 3544 590 3604 mentita
610 3543 765 3619 sagacitate
786 3539 966 3684 collligerent.
1004 3537 1076 3600 lloie

116 3625 189 3679 Pnnrr
203 3625 255 3685 En,
860 3624 881 3685 9
