2616 4096
311 279 646 343 urrsruunnunvn.
667 291 765 346 sama.
778 293 822 346 24.
835 295 879 346 ss.
958 250 966 258 ’
1031 281 1120 352 147-

93 429 201 492 sidens
217 431 382 510 adnuisset,
397 442 489 512 pater.
518 431 596 494 Vixit
611 435 639 493 in
656 434 842 496 coutubernio
857 433 937 496 aviae
953 435 1092 497 delicatae

94 516 278 574 severissime
298 524 435 575 ettamen
452 517 721 594 obsequentissime.
752 513 881 578 Habebat
894 515 942 578 illa
956 521 1119 598 partomi-t

93 614 152 657 mos
167 596 343 676 fovebatque
360 599 476 660 effusius
494 617 576 678 quam
592 602 714 679 principi
731 600 851 661 feminae
868 597 1009 664 convenit.
1031 602 1091 664 llos

94 678 250 752 Quadratus
265 700 321 742 non
335 683 362 741 in
377 682 504 761 theatro,
525 701 580 742 non
592 682 665 743 domi
680 684 843 762 spectabat:
858 702 914 745 nec
928 683 976 745 illa
994 687 1090 763 exige·

72 763 146 824 bbat.
174 764 280 824 Audivi
296 767 402 844 ipsam,
418 783 480 825 cum
496 765 561 825 milri
577 765 786 827 commendaret
799 769 913 844 nepotis
932 767 975 826 sui
989 767 1116 848 studia‚5

92 847 184 908 solere
200 867 253 926 se,
275 858 306 909 ut
326 848 455 909 ieminam
470 848 498 907 in
512 847 562 909 illo
578 851 635 909 otio
656 869 759 928 sexus,
779 849 875 911 laxare
893 847 1011 910 a'nimum
1027 850 1091 911 lusu

94 929 276 1010 calculorum,
291 931 388 992 solere
402 942 534 1011 spectare
548 933 733 1011 pantomimos
744 951 827 1003 suos;
842 933 895 995 scd
909 952 971 993 cum
984 933 1092 995 iactura

93 1023 168 1075 esset
188 1013 372 1092 alterutrum,
396 1031 512 1093 semper
530 1035 563 1076 sc
583 1018 681 1094 nepoti
701 1034 754 1077 suo
773 1017 976 1096 praecepisse,
1001 1018 1092 1080 abiret

93 1097 293 1176 studeretquo;
313 1096 389 1178 quod
403 1098 469 1157 mibi
483 1115 539 1159 non
554 1116 649 1159 amore
665 1102 726 1160 cius
741 1102 830 1176 magis
845 1100 941 1160 iacere
954 1118 1035 1179 quarn
1046 1119 1091 1162 re·

62 1184 215 1242 reverentia
231 1180 388 1242 videbatur.
420 1179 585 1259 Miraberis,
603 1192 633 1242 et
647 1199 703 1260 ego
719 1183 834 1241 miratus
850 1199 920 1242 sum.
954 1182 1116 1246 Proximisb

94 1264 314 1327 sacerdotalibus
329 1264 402 1326 ludis
417 1265 563 1344 productis
571 1267 598 1324 in
612 1265 811 1326 commissione
827 1266 1014 1344 pantomimis,
1028 1285 1090 1328 com

94 1346 169 1407 simul
183 1348 298 1409 theatro
314 1365 370 1427 ego
384 1357 415 1409 et
429 1347 588 1422 Quadratus
603 1348 815 1426 egrederemur,
830 1349 869 1408 ait
882 1347 947 1407 mibi
963 1350 1033 1410 ‘scis
1044 1368 1090 1410 mc

94 1430 172 1492 hodie
189 1434 311 1512 primum
332 1434 441 1493 uidisse
461 1431 609 1495 saltantem
630 1434 710 1492 ariao
729 1450 809 1492 meae
830 1428 999 1492 libe'rtuml'
1028 1432 1090 1493 Hoc

94 1531 188 1594 nepos.
227 1516 267 1576 At
288 1515 412 1576 Hercule
432 1515 597 1576 alienissimi
618 1515 746 1577 homines
768 1517 796 1575 in
816 1515 953 1575 bonorem
967 1513 1115 1588 Quadra-'l

63 1595 166 1660 lttillae
181 1599 289 1678 (pudet
310 1617 356 1660 me
376 1599 481 1660 dixisse
502 1598 654 1677 bonorem)
672 1616 726 1677 per
739 1596 906 1659 adulationis
923 1597 1048 1658 cilicium
1062 1600 1090 1658 in

96 1679 228 1742 theatrum
241 1684 432 1760 cursitabant,
450 1680 630 1760 exultabant,
653 1681 840 1760 plaudebant,
858 1680 1040 1759 mirabantur,
1055 1699 1090 1742 ac

97 1761 191 1825 deinde
208 1765 339 1843 singulos
354 1775 455 1844 gesem
476 1764 602 1824 dominae
626 1782 688 1824 cum
710 1764 825 1824 canticis
847 1762 1018 1834 reddebant;
1043 1765 1091 1844 qui

96 1865 164 1908 nune
178 1850 363 1928 exiguissima
376 1846 486 1926 legata,
512 1846 656 1908 theatralis
670 1865 776 1925 operae
793 1845 989 1924 corollarium,
1015 1849 1090 1908 acci·

96 1931 170 2008 pient
180 1932 214 1992 ab
230 1931 355 2008 herede,
378 1933 492 2009 quinon
507 1931 664 2010 spectabat.
686 1929 781 2008 llaec,
797 1930 862 2009 quia
875 1927 965 2006 soles,
981 1933 1006 1990 si
1023 1930 1116 2009 quid8

63 2013 186 2074 lbineidit
199 2017 279 2092 noui,
294 2031 350 2074 uon
361 2015 463 2076 invitus
478 2013 588 2083 audire;
606 2013 719 2091 deinde,
735 2015 799 2092 quia
815 2010 967 2072 iucundum
982 2023 1028 2074 est
1041 2015 1090 2072 mi·

97 2094 122 2154 hi
136 2097 209 2174 quod
226 2115 361 2176 ceperam
378 2097 509 2176 gaudium
523 2097 673 2158 scribendo
685 2105 851 2158 retractare.
885 2093 1001 2158 Gaudeo
1017 2099 1091 2158 enim

97 2180 194 2256 pietate
211 2179 381 2258 deiunctae,
404 2181 513 2241 bonore
534 2183 634 2259 optimi
655 2183 783 2260 iuvenis,
807 2181 898 2241 laetor
913 2183 996 2240 etiam
1015 2181 1091 2260 quod

1137 36 1292 328 ὃ

98 2258 189 2323 domos
203 2262 355 2341 aliquando
374 2260 406 2324 (i.
423 2263 520 2342 Cassi,
542 2264 623 2325 buius
644 2266 692 2342 qui
714 2263 868 2325 Cassianae
882 2261 1000 2324 scholae
1014 2265 1090 2342 prin·
1139 2325 1143 2334 ,

99 2361 163 2423 ceps
176 2355 204 2407 et
218 2365 324 2426 parens
337 2348 400 2425 init,
417 2349 524 2408 serviet
538 2347 650 2407 domino
663 2365 720 2407 non
734 2349 844 2406 minori.
878 2345 1000 2423 Inplebit
1015 2349 1114 2407 cnim9

65 2423 168 2490 atillam
183 2428 343 2503 Quadratus
358 2450 438 2492 meus
453 2439 483 2491 et
496 2430 611 2490 decebit
624 2449 780 2508 rursusque
795 2431 822 2490 ei
838 2429 983 2508 pristinam
1000 2429 1089 2506 digni·

98 2516 176 2570 tatem
190 2513 388 2576 celebritatem
403 2511 521 2592 gloriam
532 2513 643 2591 reddet,
661 2531 724 2573 eom
738 2521 830 2573 tantus
842 2519 937 2572 orator
946 2511 1012 2572 inde
1023 2529 1090 2591 pro·

100 2592 192 2674 cedet,
208 2607 329 2677 quamus
346 2599 414 2658 iuris
428 2597 478 2658 illc
494 2597 649 2658 consultus.
681 2594 763 2656 Vale.

603 2728 638 2787 V,
699 2754 706 2769 .

69 2841 95 2895 30
395 2826 422 2880 c.
442 2728 669 2878 nurumgauro
687 2824 746 2877 suo
763 2825 789 2876 a.

155 2925 321 3007 Qquantom
336 2929 507 2990 eruditorum
518 2939 565 2989 aut
576 2927 714 2989 modestia
727 2929 854 3007 ipsorum
867 2937 915 2989 aut
927 2931 1009 3008 quies
1021 2946 1114 3010 ope-1

103 3005 134 3066 rit
145 3026 177 3070 ac
196 3013 334 3073 subtrahit
351 3013 455 3076 lamae!
479 3011 517 3072 At
538 3030 590 3072 nos
612 3026 665 3073 cos
684 3007 790 3074 t'antum
805 3011 906 3073 dicturi
920 3011 1026 3092 aliquid
1041 3025 1091 3075 aut

103 3085 194 3153 lectori
209 3099 339 3157 timemus
361 3097 408 3174 qui
430 3095 521 3156 studia
541 3113 591 3156 sua
610 3095 773 3175 proferunt,
800 3113 863 3156 cum
878 3094 919 3154 illi
935 3097 982 3174 qui
996 3105 1090 3156 tacent

105 3170 154 3234 hoc
166 3179 283 3258 amplius
303 3188 450 3260 praestent
471 3178 546 3258 quod
567 3181 713 3240 maximum
733 3197 805 3258 opus
823 3177 938 3238 silentio
954 3196 1090 3238 reveren·

72 3259 152 3314 bitur.
169 3258 309 3341 Expertus
326 3263 422 3324 scribo
437 3263 513 3341 quod
527 3265 634 3323 scribo.
668 3261 817 3322 Terentius
829 3260 934 3337 Iunior,
949 3263 1115 3338 equestri-a

106 3336 152 3399 bus
170 3345 270 3409 militiis
285 3345 377 3425 adque
392 3347 476 3406 ctiam
493 3348 693 3425 procuratione
713 3343 906 3405 Narbonensis
924 3344 1089 3422 provinciae

106 3419 273 3502 integerrime
289 3430 413 3506 iunctus,
428 3431 539 3507 recepit
556 3449 589 3491 se
602 3431 631 3489 in
642 3445 726 3506 agros
742 3443 811 3488 suos
825 3427 987 3506 paratisque
1001 3425 1089 3486 bono·

106 3504 176 3567 ribus
194 3513 446 3591 tranquillissimum
470 3516 555 3574 otium
583 3510 725 3591 praetulit.
757 3509 837 3572 Hunc
858 3527 932 3654 effis’
959 3510 1116 3574 tommtuse
