<?xml version="1.0" encoding="UTF-8"?>
<!DOCTYPE html PUBLIC "-//W3C//DTD XHTML 1.0 Transitional//EN"
    "http://www.w3.org/TR/xhtml1/DTD/xhtml1-transitional.dtd">
<html xmlns="http://www.w3.org/1999/xhtml" xml:lang="en" lang="en">
 <head>
  <title>
</title>
<meta http-equiv="Content-Type" content="text/html;charset=utf-8" />
  <meta name='ocr-system' content='tesseract 3.04.00' />
  <meta name='ocr-capabilities' content='ocr_page ocr_carea ocr_par ocr_line ocrx_word'/>
</head>
<body>
  <div class='ocr_page' id='page_1' title='image "./epistularumlibr00plingoog_0052.png"; bbox 0 0 2632 4102; ppageno 0'>
   <div class='ocr_carea' id='block_1_1' title="bbox 407 299 1110 364">
    <p class='ocr_par' dir='ltr' id='par_1_1' title="bbox 407 299 1110 364">
     <span class='ocr_line' id='line_1_1' title="bbox 407 299 1110 364; baseline 0.006 -4"><span class='ocrx_word' id='word_1_1' title='bbox 407 299 670 362; x_wconf 81' lang='lat' dir='ltr'><strong>EPISTULARUM</strong></span> <span class='ocrx_word' id='word_1_2' title='bbox 683 299 720 360; x_wconf 91' lang='lat' dir='ltr'><strong>ll.</strong></span> <span class='ocrx_word' id='word_1_3' title='bbox 738 310 765 364; x_wconf 84' lang='grc'><strong>3.</strong></span> <span class='ocrx_word' id='word_1_4' title='bbox 778 310 803 364; x_wconf 80' lang='lat'><strong>4.</strong></span> <span class='ocrx_word' id='word_1_5' title='bbox 1069 301 1110 364; x_wconf 79' lang='lat'><strong>25</strong></span> 
     </span>
    </p>
   </div>
   <div class='ocr_carea' id='block_1_2' title="bbox 106 411 1111 533">
    <p class='ocr_par' dir='ltr' id='par_1_2' title="bbox 106 411 1111 533">
     <span class='ocr_line' id='line_1_2' title="bbox 106 411 1111 533; baseline -0.001 -18"><span class='ocrx_word' id='word_1_6' title='bbox 106 411 205 516; x_wconf 70' lang='lat' dir='ltr'><strong>ultimo</strong></span> <span class='ocrx_word' id='word_1_7' title='bbox 214 464 351 516; x_wconf 87' lang='lat' dir='ltr'><strong>terrarum</strong></span> <span class='ocrx_word' id='word_1_8' title='bbox 363 453 433 514; x_wconf 88' lang='lat' dir='ltr'><strong>orbe</strong></span> <span class='ocrx_word' id='word_1_9' title='bbox 444 454 561 515; x_wconf 87' lang='lat' dir='ltr'><strong>venisse</strong></span> <span class='ocrx_word' id='word_1_10' title='bbox 573 454 722 532; x_wconf 77' lang='lat' dir='ltr'>statimque</span> <span class='ocrx_word' id='word_1_11' title='bbox 734 462 763 512; x_wconf 91' lang='lat' dir='ltr'><strong>ut</strong></span> <span class='ocrx_word' id='word_1_12' title='bbox 775 452 885 514; x_wconf 90' lang='lat' dir='ltr'><strong>viderat</strong></span> <span class='ocrx_word' id='word_1_13' title='bbox 894 449 1011 513; x_wconf 80' lang='lat' dir='ltr'><strong>abisse?</strong></span> <span class='ocrx_word' id='word_1_14' title='bbox 1023 443 1111 533; x_wconf 87' lang='grc' dir='ltr'>Ἀφι-</span> 
     </span>
    </p>
   </div>
   <div class='ocr_carea' id='block_1_3' title="bbox 66 533 1195 1707">
    <p class='ocr_par' dir='ltr' id='par_1_3' title="bbox 66 533 1195 1707">
     <span class='ocr_line' id='line_1_3' title="bbox 105 533 1111 617; baseline -0.002 -18"><span class='ocrx_word' id='word_1_15' title='bbox 105 533 269 616; x_wconf 80' lang='grc' dir='ltr'>λόκαιον,</span> <span class='ocrx_word' id='word_1_16' title='bbox 286 537 486 617; x_wconf 84' lang='lat' dir='ltr'><strong>inlitteratum,</strong></span> <span class='ocrx_word' id='word_1_17' title='bbox 504 540 598 615; x_wconf 90' lang='lat' dir='ltr'><strong>iners,</strong></span> <span class='ocrx_word' id='word_1_18' title='bbox 615 554 650 596; x_wconf 93' lang='lat' dir='ltr'><strong>ac</strong></span> <span class='ocrx_word' id='word_1_19' title='bbox 670 555 763 615; x_wconf 91' lang='lat' dir='ltr'><strong>paene</strong></span> <span class='ocrx_word' id='word_1_20' title='bbox 779 538 863 597; x_wconf 92' lang='lat' dir='ltr'><strong>etiam</strong></span> <span class='ocrx_word' id='word_1_21' title='bbox 884 546 967 614; x_wconf 91' lang='lat' dir='ltr'><strong>turpe</strong></span> <span class='ocrx_word' id='word_1_22' title='bbox 990 546 1034 597; x_wconf 90' lang='lat' dir='ltr'><strong>est</strong></span> <span class='ocrx_word' id='word_1_23' title='bbox 1054 555 1111 597; x_wconf 92' lang='lat' dir='ltr'><strong>non</strong></span> 
     </span>
     <span class='ocr_line' id='line_1_4' title="bbox 105 618 1111 703; baseline -0.002 -21"><span class='ocrx_word' id='word_1_24' title='bbox 105 632 206 703; x_wconf 90' lang='lat' dir='ltr'><strong>putare</strong></span> <span class='ocrx_word' id='word_1_25' title='bbox 221 623 289 683; x_wconf 92' lang='lat' dir='ltr'><strong>tanti</strong></span> <span class='ocrx_word' id='word_1_26' title='bbox 305 623 514 700; x_wconf 73' lang='lat' dir='ltr'>cognitionem,</span> <span class='ocrx_word' id='word_1_27' title='bbox 540 639 595 700; x_wconf 89' lang='lat' dir='ltr'><strong>qua</strong></span> <span class='ocrx_word' id='word_1_28' title='bbox 609 618 686 680; x_wconf 91' lang='lat' dir='ltr'><strong>nulla</strong></span> <span class='ocrx_word' id='word_1_29' title='bbox 702 630 747 681; x_wconf 89' lang='lat' dir='ltr'><strong>est</strong></span> <span class='ocrx_word' id='word_1_30' title='bbox 768 621 931 697; x_wconf 89' lang='lat' dir='ltr'><strong>iucundior,</strong></span> <span class='ocrx_word' id='word_1_31' title='bbox 957 619 1033 679; x_wconf 90' lang='lat' dir='ltr'><strong>nulla</strong></span> <span class='ocrx_word' id='word_1_32' title='bbox 1048 621 1111 699; x_wconf 94' lang='lat' dir='ltr'><strong>pul·</strong></span> 
     </span>
     <span class='ocr_line' id='line_1_5' title="bbox 107 703 1137 783; baseline -0.004 -17"><span class='ocrx_word' id='word_1_33' title='bbox 107 706 214 783; x_wconf 84' lang='lat' dir='ltr'><strong>chrior,</strong></span> <span class='ocrx_word' id='word_1_34' title='bbox 229 705 305 766; x_wconf 91' lang='lat' dir='ltr'><strong>nulla</strong></span> <span class='ocrx_word' id='word_1_35' title='bbox 322 707 444 783; x_wconf 85' lang='lat' dir='ltr'><strong>denique</strong></span> <span class='ocrx_word' id='word_1_36' title='bbox 458 704 611 765; x_wconf 84' lang='lat' dir='ltr'><strong>humanior.</strong></span> <span class='ocrx_word' id='word_1_37' title='bbox 637 703 726 765; x_wconf 81' lang='lat' dir='ltr'>Dices</span> <span class='ocrx_word' id='word_1_38' title='bbox 743 703 848 765; x_wconf 74' lang='lat' dir='ltr'><strong>‘habeo</strong></span> <span class='ocrx_word' id='word_1_39' title='bbox 863 703 909 764; x_wconf 89' lang='lat' dir='ltr'><strong>hic</strong></span> <span class='ocrx_word' id='word_1_40' title='bbox 928 720 1000 782; x_wconf 87' lang='lat' dir='ltr'><strong>quos</strong></span> <span class='ocrx_word' id='word_1_41' title='bbox 1015 703 1137 782; x_wconf 82' lang='lat' dir='ltr'><strong>legamo</strong></span> 
     </span>
     <span class='ocr_line' id='line_1_6' title="bbox 83 786 1110 867; baseline 0.001 -20"><span class='ocrx_word' id='word_1_42' title='bbox 83 797 163 851; x_wconf 77' lang='lat' dir='ltr'><strong>buon</strong></span> <span class='ocrx_word' id='word_1_43' title='bbox 176 792 266 850; x_wconf 89' lang='lat' dir='ltr'><strong>miuus</strong></span> <span class='ocrx_word' id='word_1_44' title='bbox 281 789 427 850; x_wconf 67' lang='lat' dir='ltr'><strong>disertos)</strong></span> <span class='ocrx_word' id='word_1_45' title='bbox 457 787 564 849; x_wconf 81' lang='lat' dir='ltr'><strong>Etiam:</strong></span> <span class='ocrx_word' id='word_1_46' title='bbox 586 787 638 849; x_wconf 91' lang='lat' dir='ltr'><strong>sed</strong></span> <span class='ocrx_word' id='word_1_47' title='bbox 657 786 773 866; x_wconf 81' lang='lat' dir='ltr'><strong>legendi</strong></span> <span class='ocrx_word' id='word_1_48' title='bbox 793 806 909 867; x_wconf 78' lang='lat' dir='ltr'><strong>semper</strong></span> <span class='ocrx_word' id='word_1_49' title='bbox 923 789 1039 848; x_wconf 76' lang='lat' dir='ltr'><strong>occasio</strong></span> <span class='ocrx_word' id='word_1_50' title='bbox 1055 798 1110 866; x_wconf 87' lang='lat' dir='ltr'><strong>est,</strong></span> 
     </span>
     <span class='ocr_line' id='line_1_7' title="bbox 104 869 1111 950; baseline -0.004 -16"><span class='ocrx_word' id='word_1_51' title='bbox 104 873 237 934; x_wconf 92' lang='lat' dir='ltr'><strong>audiendi</strong></span> <span class='ocrx_word' id='word_1_52' title='bbox 252 891 307 934; x_wconf 90' lang='lat' dir='ltr'><strong>nou</strong></span> <span class='ocrx_word' id='word_1_53' title='bbox 322 889 445 950; x_wconf 87' lang='lat' dir='ltr'><strong>semper.</strong></span> <span class='ocrx_word' id='word_1_54' title='bbox 467 871 618 933; x_wconf 86' lang='lat' dir='ltr'><strong>Praeterea</strong></span> <span class='ocrx_word' id='word_1_55' title='bbox 628 871 717 932; x_wconf 91' lang='lat' dir='ltr'><strong>multo</strong></span> <span class='ocrx_word' id='word_1_56' title='bbox 731 875 832 950; x_wconf 79' lang='lat' dir='ltr'><strong>magis,</strong></span> <span class='ocrx_word' id='word_1_57' title='bbox 848 881 878 932; x_wconf 92' lang='lat' dir='ltr'><strong>ut</strong></span> <span class='ocrx_word' id='word_1_58' title='bbox 892 869 981 948; x_wconf 86' lang='lat' dir='ltr'><strong>vulgo</strong></span> <span class='ocrx_word' id='word_1_59' title='bbox 998 870 1111 950; x_wconf 83' lang='lat' dir='ltr'><strong>dicitur,</strong></span> 
     </span>
     <span class='ocr_line' id='line_1_8' title="bbox 104 954 1112 1034; baseline 0.001 -18"><span class='ocrx_word' id='word_1_60' title='bbox 104 959 169 1017; x_wconf 83' lang='lat' dir='ltr'><strong>vira</strong></span> <span class='ocrx_word' id='word_1_61' title='bbox 186 975 245 1017; x_wconf 85' lang='lat' dir='ltr'><strong>uox</strong></span> <span class='ocrx_word' id='word_1_62' title='bbox 258 957 362 1017; x_wconf 87' lang='lat' dir='ltr'><strong>adficit.</strong></span> <span class='ocrx_word' id='word_1_63' title='bbox 394 954 465 1016; x_wconf 87' lang='lat' dir='ltr'><strong>Nam</strong></span> <span class='ocrx_word' id='word_1_64' title='bbox 480 955 550 1017; x_wconf 89' lang='lat' dir='ltr'><strong>licet</strong></span> <span class='ocrx_word' id='word_1_65' title='bbox 562 957 671 1016; x_wconf 82' lang='lat' dir='ltr'><strong>acriora</strong></span> <span class='ocrx_word' id='word_1_66' title='bbox 686 957 741 1018; x_wconf 91' lang='lat' dir='ltr'><strong>sint</strong></span> <span class='ocrx_word' id='word_1_67' title='bbox 757 975 830 1034; x_wconf 89' lang='lat' dir='ltr'><strong>quae</strong></span> <span class='ocrx_word' id='word_1_68' title='bbox 845 955 945 1034; x_wconf 82' lang='lat' dir='ltr'><strong>legas,</strong></span> <span class='ocrx_word' id='word_1_69' title='bbox 972 954 1056 1016; x_wconf 89' lang='lat' dir='ltr'><strong>altius</strong></span> <span class='ocrx_word' id='word_1_70' title='bbox 1071 965 1112 1017; x_wconf 91' lang='lat' dir='ltr'><strong>ta·</strong></span> 
     </span>
     <span class='ocr_line' id='line_1_9' title="bbox 104 1039 1112 1138; baseline 0 -38"><span class='ocrx_word' id='word_1_71' title='bbox 104 1059 170 1102; x_wconf 89' lang='lat' dir='ltr'><strong>men</strong></span> <span class='ocrx_word' id='word_1_72' title='bbox 185 1043 317 1102; x_wconf 90' lang='lat' dir='ltr'><strong>inanimo</strong></span> <span class='ocrx_word' id='word_1_73' title='bbox 332 1040 433 1101; x_wconf 89' lang='lat' dir='ltr'><strong>sedent</strong></span> <span class='ocrx_word' id='word_1_74' title='bbox 448 1058 520 1138; x_wconf 80' lang='lat' dir='ltr'><strong>quae</strong></span> <span class='ocrx_word' id='word_1_75' title='bbox 536 1041 736 1118; x_wconf 89' lang='lat' dir='ltr'><strong>pronuntiatio,</strong></span> <span class='ocrx_word' id='word_1_76' title='bbox 748 1039 856 1118; x_wconf 85' lang='lat' dir='ltr'><strong>uultus,</strong></span> <span class='ocrx_word' id='word_1_77' title='bbox 872 1040 995 1118; x_wconf 88' lang='lat' dir='ltr'><strong>habitus,</strong></span> <span class='ocrx_word' id='word_1_78' title='bbox 1011 1049 1112 1118; x_wconf 80' lang='lat' dir='ltr'><strong>gestus</strong></span> 
     </span>
     <span class='ocr_line' id='line_1_10' title="bbox 104 1121 1156 1210; baseline 0.004 -26"><span class='ocrx_word' id='word_1_79' title='bbox 104 1128 190 1184; x_wconf 88' lang='lat' dir='ltr'><strong>etiam</strong></span> <span class='ocrx_word' id='word_1_80' title='bbox 204 1125 324 1186; x_wconf 89' lang='lat' dir='ltr'><strong>dicentis</strong></span> <span class='ocrx_word' id='word_1_81' title='bbox 335 1125 447 1202; x_wconf 82' lang='lat' dir='ltr'><strong>adfigit;</strong></span> <span class='ocrx_word' id='word_1_82' title='bbox 461 1125 516 1183; x_wconf 92' lang='lat' dir='ltr'><strong>uisi</strong></span> <span class='ocrx_word' id='word_1_83' title='bbox 527 1141 598 1184; x_wconf 90' lang='lat' dir='ltr'><strong>vero</strong></span> <span class='ocrx_word' id='word_1_84' title='bbox 613 1123 714 1184; x_wconf 85' lang='lat' dir='ltr'><strong>falsum</strong></span> <span class='ocrx_word' id='word_1_85' title='bbox 720 1133 855 1210; x_wconf 86' lang='lat' dir='ltr'><strong>putamus</strong></span> <span class='ocrx_word' id='word_1_86' title='bbox 867 1123 937 1184; x_wconf 90' lang='lat' dir='ltr'><strong>illud</strong></span> <span class='ocrx_word' id='word_1_87' title='bbox 948 1121 1111 1203; x_wconf 78' lang='lat' dir='ltr'><strong>Aeschinis,</strong></span> <span class='ocrx_word' id='word_1_88' title='bbox 1122 1136 1156 1188; x_wconf 90' lang='lat'><strong>10</strong></span> 
     </span>
     <span class='ocr_line' id='line_1_11' title="bbox 66 1203 1112 1306; baseline -0.002 -36"><span class='ocrx_word' id='word_1_89' title='bbox 66 1210 154 1288; x_wconf 91' lang='lat' dir='ltr'><strong>loqui</strong></span> <span class='ocrx_word' id='word_1_90' title='bbox 171 1227 238 1270; x_wconf 90' lang='lat' dir='ltr'><strong>cum</strong></span> <span class='ocrx_word' id='word_1_91' title='bbox 251 1208 375 1286; x_wconf 76' lang='lat' dir='ltr'><strong>legisset</strong></span> <span class='ocrx_word' id='word_1_92' title='bbox 388 1207 507 1268; x_wconf 87' lang='lat' dir='ltr'><strong>Rhodiis</strong></span> <span class='ocrx_word' id='word_1_93' title='bbox 525 1209 682 1268; x_wconf 89' lang='lat' dir='ltr'><strong>orationem</strong></span> <span class='ocrx_word' id='word_1_94' title='bbox 695 1203 897 1268; x_wconf 79' lang='lat' dir='ltr'><strong>Demosthenis</strong></span> <span class='ocrx_word' id='word_1_95' title='bbox 914 1207 1112 1306; x_wconf 76' lang='lat' dir='ltr'><strong>admirantibus</strong></span> 
     </span>
     <span class='ocr_line' id='line_1_12' title="bbox 106 1281 1113 1372; baseline -0.001 -19"><span class='ocrx_word' id='word_1_96' title='bbox 106 1295 232 1372; x_wconf 83' lang='lat' dir='ltr'><strong>cunctis,</strong></span> <span class='ocrx_word' id='word_1_97' title='bbox 254 1293 396 1354; x_wconf 87' lang='lat' dir='ltr'><strong>adiecisse</strong></span> <span class='ocrx_word' id='word_1_98' title='bbox 411 1291 502 1352; x_wconf 91' lang='lat' dir='ltr'><strong>fertur</strong></span> <span class='ocrx_word' id='word_1_99' title='bbox 515 1311 547 1352; x_wconf 84' lang='grc' dir='ltr'><strong>τι</strong></span> <span class='ocrx_word' id='word_1_100' title='bbox 541 1286 614 1370; x_wconf 82' lang='grc' dir='ltr'><strong>δὲ,</strong></span> <span class='ocrx_word' id='word_1_101' title='bbox 631 1290 661 1351; x_wconf 84' lang='grc' dir='ltr'><strong>εί</strong></span> <span class='ocrx_word' id='word_1_102' title='bbox 674 1281 780 1351; x_wconf 80' lang='grc' dir='ltr'><strong><em>αὐτοῦ</em></strong></span> <span class='ocrx_word' id='word_1_103' title='bbox 794 1310 855 1352; x_wconf 87' lang='grc' dir='ltr'><strong>του</strong></span> <span class='ocrx_word' id='word_1_104' title='bbox 843 1283 1025 1370; x_wconf 75' lang='grc' dir='ltr'><strong><em>θηρίου</em></strong></span> <span class='ocrx_word' id='word_1_105' title='bbox 1007 1287 1113 1370; x_wconf 82' lang='grc' dir='ltr'><strong><em>ηκού-</em></strong></span> 
     </span>
     <span class='ocr_line' id='line_1_13' title="bbox 105 1373 1114 1453; baseline -0.002 -17"><span class='ocrx_word' id='word_1_106' title='bbox 105 1389 203 1446; x_wconf 83' lang='grc' dir='ltr'><strong>σατε;</strong></span> <span class='ocrx_word' id='word_1_107' title='bbox 218 1386 247 1436; x_wconf 98' lang='grc' dir='ltr'><strong>ιι</strong></span> <span class='ocrx_word' id='word_1_108' title='bbox 265 1387 326 1437; x_wconf 87' lang='lat' dir='ltr'><strong>erat</strong></span> <span class='ocrx_word' id='word_1_109' title='bbox 340 1375 519 1452; x_wconf 84' lang='lat' dir='ltr'><strong>Aeschines,</strong></span> <span class='ocrx_word' id='word_1_110' title='bbox 541 1395 565 1436; x_wconf 85' lang='grc' dir='ltr'><strong>ιι</strong></span> <span class='ocrx_word' id='word_1_111' title='bbox 558 1373 767 1435; x_wconf 88' lang='lat' dir='ltr'><strong>Demostheni</strong></span> <span class='ocrx_word' id='word_1_112' title='bbox 782 1374 939 1450; x_wconf 85' lang='lat' dir='ltr'><strong>credimus,</strong></span> <span class='ocrx_word' id='word_1_113' title='bbox 961 1375 1114 1453; x_wconf 81' lang='grc' dir='ltr'><strong><em>λαμπρο-</em></strong></span> 
     </span>
     <span class='ocr_line' id='line_1_14' title="bbox 106 1452 1195 1544; baseline -0.003 -24"><span class='ocrx_word' id='word_1_114' title='bbox 106 1453 314 1538; x_wconf 78' lang='grc' dir='ltr'><strong>φωνότατος.</strong></span> <span class='ocrx_word' id='word_1_115' title='bbox 341 1460 495 1521; x_wconf 84' lang='lat' dir='ltr'><strong>Fatebatur</strong></span> <span class='ocrx_word' id='word_1_116' title='bbox 514 1469 608 1519; x_wconf 91' lang='lat' dir='ltr'><strong>tamen</strong></span> <span class='ocrx_word' id='word_1_117' title='bbox 627 1457 715 1544; x_wconf 73' lang='lat' dir='ltr'><strong>longe</strong></span> <span class='ocrx_word' id='word_1_118' title='bbox 736 1458 838 1520; x_wconf 91' lang='lat' dir='ltr'><strong>melius</strong></span> <span class='ocrx_word' id='word_1_119' title='bbox 859 1459 959 1520; x_wconf 91' lang='lat' dir='ltr'><strong>eadem</strong></span> <span class='ocrx_word' id='word_1_120' title='bbox 978 1457 1026 1518; x_wconf 89' lang='lat' dir='ltr'><strong>illa</strong></span> <span class='ocrx_word' id='word_1_121' title='bbox 1046 1476 1113 1538; x_wconf 93' lang='lat' dir='ltr'><strong>pro·</strong></span> <span class='ocrx_word' id='word_1_122' title='bbox 1180 1452 1195 1480; x_wconf 60' lang='lat'>“</span> 
     </span>
     <span class='ocr_line' id='line_1_15' title="bbox 104 1535 1152 1622; baseline 0.002 -18"><span class='ocrx_word' id='word_1_123' title='bbox 104 1546 279 1606; x_wconf 87' lang='lat' dir='ltr'><strong>nuntiasse</strong></span> <span class='ocrx_word' id='word_1_124' title='bbox 270 1562 363 1622; x_wconf 80' lang='lat' dir='ltr'><strong>ipsum</strong></span> <span class='ocrx_word' id='word_1_125' title='bbox 378 1546 425 1622; x_wconf 90' lang='lat' dir='ltr'><strong>qui</strong></span> <span class='ocrx_word' id='word_1_126' title='bbox 440 1552 602 1622; x_wconf 89' lang='lat' dir='ltr'><strong>pepererat.</strong></span> <span class='ocrx_word' id='word_1_127' title='bbox 625 1535 704 1615; x_wconf 84' lang='lat' dir='ltr'><strong>Quae</strong></span> <span class='ocrx_word' id='word_1_128' title='bbox 718 1545 810 1604; x_wconf 89' lang='lat' dir='ltr'><strong>omnia</strong></span> <span class='ocrx_word' id='word_1_129' title='bbox 820 1543 877 1603; x_wconf 91' lang='lat' dir='ltr'><strong>huc</strong></span> <span class='ocrx_word' id='word_1_130' title='bbox 887 1543 1005 1604; x_wconf 88' lang='lat' dir='ltr'><strong>tendunt</strong></span> <span class='ocrx_word' id='word_1_131' title='bbox 1016 1552 1047 1603; x_wconf 89' lang='lat' dir='ltr'><strong>ut</strong></span> <span class='ocrx_word' id='word_1_132' title='bbox 1064 1561 1111 1602; x_wconf 89' lang='lat' dir='ltr'><strong>au·</strong></span> <span class='ocrx_word' id='word_1_133' title='bbox 1122 1554 1152 1606; x_wconf 88' lang='lat' dir='ltr'><strong>ll</strong></span> 
     </span>
     <span class='ocr_line' id='line_1_16' title="bbox 66 1626 879 1707; baseline 0.005 -23"><span class='ocrx_word' id='word_1_134' title='bbox 66 1633 96 1684; x_wconf 86' lang='lat'><strong>15</strong></span> <span class='ocrx_word' id='word_1_135' title='bbox 105 1628 167 1690; x_wconf 87' lang='lat' dir='ltr'><strong>duas</strong></span> <span class='ocrx_word' id='word_1_136' title='bbox 184 1627 372 1707; x_wconf 85' lang='lat' dir='ltr'><strong>1saeum,vel</strong></span> <span class='ocrx_word' id='word_1_137' title='bbox 388 1627 455 1688; x_wconf 91' lang='lat' dir='ltr'><strong>ideo</strong></span> <span class='ocrx_word' id='word_1_138' title='bbox 468 1635 574 1687; x_wconf 87' lang='lat' dir='ltr'><strong>tantum</strong></span> <span class='ocrx_word' id='word_1_139' title='bbox 589 1636 620 1688; x_wconf 90' lang='lat' dir='ltr'><strong>ut</strong></span> <span class='ocrx_word' id='word_1_140' title='bbox 636 1627 768 1688; x_wconf 87' lang='lat' dir='ltr'><strong>audieris.</strong></span> <span class='ocrx_word' id='word_1_141' title='bbox 798 1626 879 1688; x_wconf 86' lang='lat' dir='ltr'><strong>Vale.</strong></span> 
     </span>
    </p>
   </div>
   <div class='ocr_carea' id='block_1_4' title="bbox 326 1757 863 1911">
    <p class='ocr_par' dir='ltr' id='par_1_4' title="bbox 326 1757 863 1911">
     <span class='ocr_line' id='line_1_17' title="bbox 578 1757 643 1819; baseline -0.015 0"><span class='ocrx_word' id='word_1_142' title='bbox 578 1757 643 1819; x_wconf 88' lang='lat'><em>1111.</em></span> 
     </span>
     <span class='ocr_line' id='line_1_18' title="bbox 326 1855 863 1911; baseline -0.007 -1"><span class='ocrx_word' id='word_1_143' title='bbox 326 1905 329 1910; x_wconf 84' lang='lat'><em>.</em></span> <span class='ocrx_word' id='word_1_144' title='bbox 362 1859 389 1910; x_wconf 88' lang='lat' dir='ltr'><strong>c.</strong></span> <span class='ocrx_word' id='word_1_145' title='bbox 407 1859 532 1911; x_wconf 71' lang='lat' dir='ltr'><strong>cernuus</strong></span> <span class='ocrx_word' id='word_1_146' title='bbox 550 1857 715 1910; x_wconf 75' lang='lat' dir='ltr'><strong>cncvrnnu</strong></span> <span class='ocrx_word' id='word_1_147' title='bbox 734 1857 818 1910; x_wconf 79' lang='lat' dir='ltr'><strong>sunu</strong></span> <span class='ocrx_word' id='word_1_148' title='bbox 837 1855 863 1906; x_wconf 80' lang='grc' dir='ltr'><strong>ι.</strong></span> 
     </span>
    </p>
   </div>
   <div class='ocr_carea' id='block_1_5' title="bbox 67 1957 1226 3474">
    <p class='ocr_par' dir='ltr' id='par_1_5' title="bbox 67 1957 1226 3474">
     <span class='ocr_line' id='line_1_19' title="bbox 168 1957 1136 2042; baseline -0.005 -18"><span class='ocrx_word' id='word_1_149' title='bbox 168 1963 202 2024; x_wconf 89' lang='lat' dir='ltr'><strong>Si</strong></span> <span class='ocrx_word' id='word_1_150' title='bbox 218 1961 347 2042; x_wconf 92' lang='lat' dir='ltr'><strong>pluribus</strong></span> <span class='ocrx_word' id='word_1_151' title='bbox 362 1970 445 2039; x_wconf 86' lang='lat' dir='ltr'><strong>pater</strong></span> <span class='ocrx_word' id='word_1_152' title='bbox 462 1971 530 2023; x_wconf 89' lang='lat' dir='ltr'><strong>tuus</strong></span> <span class='ocrx_word' id='word_1_153' title='bbox 551 1960 600 2022; x_wconf 88' lang='lat' dir='ltr'><strong>vel</strong></span> <span class='ocrx_word' id='word_1_154' title='bbox 621 1963 668 2021; x_wconf 91' lang='lat' dir='ltr'><strong>uni</strong></span> <span class='ocrx_word' id='word_1_155' title='bbox 686 1958 803 2022; x_wconf 87' lang='lat' dir='ltr'><strong>cuilibet</strong></span> <span class='ocrx_word' id='word_1_156' title='bbox 822 1957 869 2020; x_wconf 90' lang='lat' dir='ltr'><strong>alii</strong></span> <span class='ocrx_word' id='word_1_157' title='bbox 887 1976 969 2038; x_wconf 87' lang='lat' dir='ltr'><strong>quam</strong></span> <span class='ocrx_word' id='word_1_158' title='bbox 982 1957 1049 2018; x_wconf 93' lang='lat' dir='ltr'><strong>mihi</strong></span> <span class='ocrx_word' id='word_1_159' title='bbox 1065 1958 1113 2019; x_wconf 91' lang='lat' dir='ltr'><strong>de·</strong></span> <span class='ocrx_word' id='word_1_160' title='bbox 1122 1977 1136 2028; x_wconf 84' lang='lat'><em>1</em></span> 
     </span>
     <span class='ocr_line' id='line_1_20' title="bbox 67 2043 1114 2123; baseline -0.005 -17"><span class='ocrx_word' id='word_1_161' title='bbox 67 2055 98 2107; x_wconf 75' lang='lat'><strong>20</strong></span> <span class='ocrx_word' id='word_1_162' title='bbox 106 2048 231 2123; x_wconf 90' lang='lat' dir='ltr'><strong>buisset,</strong></span> <span class='ocrx_word' id='word_1_163' title='bbox 243 2046 346 2107; x_wconf 91' lang='lat' dir='ltr'><strong>fuisset</strong></span> <span class='ocrx_word' id='word_1_164' title='bbox 356 2047 480 2106; x_wconf 87' lang='lat' dir='ltr'><strong>fortasse</strong></span> <span class='ocrx_word' id='word_1_165' title='bbox 493 2045 671 2106; x_wconf 92' lang='lat' dir='ltr'><strong>dubitandum</strong></span> <span class='ocrx_word' id='word_1_166' title='bbox 682 2064 717 2105; x_wconf 91' lang='lat' dir='ltr'><strong>an</strong></span> <span class='ocrx_word' id='word_1_167' title='bbox 728 2045 821 2104; x_wconf 87' lang='lat' dir='ltr'><strong>adires</strong></span> <span class='ocrx_word' id='word_1_168' title='bbox 832 2043 1019 2104; x_wconf 87' lang='lat' dir='ltr'><strong>hereditatem</strong></span> <span class='ocrx_word' id='word_1_169' title='bbox 1031 2045 1114 2104; x_wconf 91' lang='lat' dir='ltr'><strong>etiam</strong></span> 
     </span>
     <span class='ocr_line' id='line_1_21' title="bbox 105 2125 1139 2208; baseline -0.006 -17"><span class='ocrx_word' id='word_1_170' title='bbox 105 2134 167 2191; x_wconf 89' lang='lat' dir='ltr'><strong>viro</strong></span> <span class='ocrx_word' id='word_1_171' title='bbox 186 2147 315 2208; x_wconf 78' lang='lat' dir='ltr'><strong>gravem.</strong></span> <span class='ocrx_word' id='word_1_172' title='bbox 346 2127 417 2189; x_wconf 83' lang='lat' dir='ltr'><strong>(lum</strong></span> <span class='ocrx_word' id='word_1_173' title='bbox 432 2147 503 2189; x_wconf 88' lang='lat' dir='ltr'><strong>vero</strong></span> <span class='ocrx_word' id='word_1_174' title='bbox 518 2146 574 2206; x_wconf 82' lang='lat' dir='ltr'><strong>ego</strong></span> <span class='ocrx_word' id='word_1_175' title='bbox 590 2129 691 2190; x_wconf 89' lang='lat' dir='ltr'><strong>ductus</strong></span> <span class='ocrx_word' id='word_1_176' title='bbox 709 2129 859 2188; x_wconf 86' lang='lat' dir='ltr'><strong>adfinitatis</strong></span> <span class='ocrx_word' id='word_1_177' title='bbox 876 2125 1139 2194; x_wconf 73' lang='lat' dir='ltr'><strong>oflicio&#39;dimissiso</strong></span> 
     </span>
     <span class='ocr_line' id='line_1_22' title="bbox 107 2210 1114 2291; baseline -0.003 -17"><span class='ocrx_word' id='word_1_178' title='bbox 107 2216 238 2274; x_wconf 90' lang='lat' dir='ltr'><strong>omnibus</strong></span> <span class='ocrx_word' id='word_1_179' title='bbox 263 2214 330 2291; x_wconf 90' lang='lat' dir='ltr'><strong>qui,</strong></span> <span class='ocrx_word' id='word_1_180' title='bbox 355 2230 411 2273; x_wconf 89' lang='lat' dir='ltr'><strong>non</strong></span> <span class='ocrx_word' id='word_1_181' title='bbox 431 2213 496 2273; x_wconf 88' lang='lat' dir='ltr'><strong>dico</strong></span> <span class='ocrx_word' id='word_1_182' title='bbox 513 2213 714 2291; x_wconf 89' lang='lat' dir='ltr'><strong>molestiores,</strong></span> <span class='ocrx_word' id='word_1_183' title='bbox 739 2210 793 2274; x_wconf 89' lang='lat' dir='ltr'><strong>sed</strong></span> <span class='ocrx_word' id='word_1_184' title='bbox 812 2211 1008 2288; x_wconf 80' lang='lat' dir='ltr'><strong>diligentiores</strong></span> <span class='ocrx_word' id='word_1_185' title='bbox 1034 2220 1114 2271; x_wconf 87' lang='lat' dir='ltr'><strong>erant</strong></span> 
     </span>
     <span class='ocr_line' id='line_1_23' title="bbox 108 2293 1113 2376; baseline -0.005 -17"><span class='ocrx_word' id='word_1_186' title='bbox 108 2298 237 2360; x_wconf 86' lang='lat' dir='ltr'><strong>creditor</strong></span> <span class='ocrx_word' id='word_1_187' title='bbox 261 2295 342 2356; x_wconf 87' lang='lat' dir='ltr'><strong>solus</strong></span> <span class='ocrx_word' id='word_1_188' title='bbox 371 2298 547 2374; x_wconf 79' lang='lat' dir='ltr'><strong>exstiterim,</strong></span> <span class='ocrx_word' id='word_1_189' title='bbox 569 2315 709 2376; x_wconf 82' lang='lat' dir='ltr'><strong>cumque.</strong></span> <span class='ocrx_word' id='word_1_190' title='bbox 725 2313 782 2374; x_wconf 82' lang='lat' dir='ltr'><strong>ego</strong></span> <span class='ocrx_word' id='word_1_191' title='bbox 803 2295 919 2355; x_wconf 92' lang='lat' dir='ltr'><strong>nubenti</strong></span> <span class='ocrx_word' id='word_1_192' title='bbox 941 2293 991 2354; x_wconf 92' lang='lat' dir='ltr'><strong>tibi</strong></span> <span class='ocrx_word' id='word_1_193' title='bbox 1013 2295 1041 2352; x_wconf 90' lang='lat' dir='ltr'><strong>in</strong></span> <span class='ocrx_word' id='word_1_194' title='bbox 1064 2293 1113 2354; x_wconf 92' lang='lat' dir='ltr'><strong>do-</strong></span> 
     </span>
     <span class='ocr_line' id='line_1_24' title="bbox 107 2378 1113 2460; baseline -0.007 -17"><span class='ocrx_word' id='word_1_195' title='bbox 107 2393 166 2443; x_wconf 92' lang='lat' dir='ltr'><strong>tem</strong></span> <span class='ocrx_word' id='word_1_196' title='bbox 181 2390 297 2442; x_wconf 90' lang='lat' dir='ltr'><strong>centum</strong></span> <span class='ocrx_word' id='word_1_197' title='bbox 316 2378 391 2460; x_wconf 85' lang='lat' dir='ltr'><strong>milia</strong></span> <span class='ocrx_word' id='word_1_198' title='bbox 410 2378 577 2440; x_wconf 87' lang='lat' dir='ltr'><strong>contulerim</strong></span> <span class='ocrx_word' id='word_1_199' title='bbox 593 2390 707 2460; x_wconf 89' lang='lat' dir='ltr'><strong>praeter</strong></span> <span class='ocrx_word' id='word_1_200' title='bbox 723 2397 786 2440; x_wconf 91' lang='lat' dir='ltr'><strong>eam</strong></span> <span class='ocrx_word' id='word_1_201' title='bbox 807 2396 940 2440; x_wconf 87' lang='lat' dir='ltr'><strong>summam</strong></span> <span class='ocrx_word' id='word_1_202' title='bbox 961 2394 1043 2456; x_wconf 84' lang='lat' dir='ltr'><strong>quam</strong></span> <span class='ocrx_word' id='word_1_203' title='bbox 1063 2395 1113 2456; x_wconf 91' lang='lat' dir='ltr'><strong>pa·</strong></span> 
     </span>
     <span class='ocr_line' id='line_1_25' title="bbox 68 2459 1114 2564; baseline -0.009 -36"><span class='ocrx_word' id='word_1_204' title='bbox 68 2474 233 2530; x_wconf 72' lang='lat' dir='ltr'><strong>ottericus</strong></span> <span class='ocrx_word' id='word_1_205' title='bbox 249 2465 330 2542; x_wconf 88' lang='lat' dir='ltr'><strong>quasi</strong></span> <span class='ocrx_word' id='word_1_206' title='bbox 347 2463 384 2524; x_wconf 91' lang='lat' dir='ltr'><strong>de</strong></span> <span class='ocrx_word' id='word_1_207' title='bbox 402 2482 467 2525; x_wconf 92' lang='lat' dir='ltr'><strong>meo</strong></span> <span class='ocrx_word' id='word_1_208' title='bbox 483 2464 550 2525; x_wconf 86' lang='lat' dir='ltr'><strong>dixit</strong></span> <span class='ocrx_word' id='word_1_209' title='bbox 568 2463 733 2564; x_wconf 76' lang='lat' dir='ltr'><strong>(eratenim</strong></span> <span class='ocrx_word' id='word_1_210' title='bbox 748 2461 886 2523; x_wconf 86' lang='lat' dir='ltr'><strong>soluenda</strong></span> <span class='ocrx_word' id='word_1_211' title='bbox 900 2461 938 2521; x_wconf 93' lang='lat' dir='ltr'><strong>de</strong></span> <span class='ocrx_word' id='word_1_212' title='bbox 952 2459 1045 2538; x_wconf 89' lang='lat' dir='ltr'><strong>meo),</strong></span> <span class='ocrx_word' id='word_1_213' title='bbox 1057 2479 1114 2520; x_wconf 92' lang='lat' dir='ltr'><strong>ma·</strong></span> 
     </span>
     <span class='ocr_line' id='line_1_26' title="bbox 107 2543 1114 2627; baseline -0.006 -19"><span class='ocrx_word' id='word_1_214' title='bbox 107 2568 195 2627; x_wconf 82' lang='lat' dir='ltr'><strong>gnum</strong></span> <span class='ocrx_word' id='word_1_215' title='bbox 207 2549 298 2609; x_wconf 90' lang='lat' dir='ltr'><strong>habes</strong></span> <span class='ocrx_word' id='word_1_216' title='bbox 310 2547 452 2610; x_wconf 85' lang='lat' dir='ltr'><strong>facilitatis</strong></span> <span class='ocrx_word' id='word_1_217' title='bbox 468 2566 548 2608; x_wconf 84' lang='lat' dir='ltr'><strong>meae</strong></span> <span class='ocrx_word' id='word_1_218' title='bbox 564 2550 679 2627; x_wconf 81' lang='lat' dir='ltr'><strong>pignus,</strong></span> <span class='ocrx_word' id='word_1_219' title='bbox 699 2548 779 2607; x_wconf 90' lang='lat' dir='ltr'><strong>cuius</strong></span> <span class='ocrx_word' id='word_1_220' title='bbox 794 2546 896 2606; x_wconf 91' lang='lat' dir='ltr'><strong>iiducia</strong></span> <span class='ocrx_word' id='word_1_221' title='bbox 911 2543 1001 2604; x_wconf 92' lang='lat' dir='ltr'><strong>debes</strong></span> <span class='ocrx_word' id='word_1_222' title='bbox 1013 2543 1114 2604; x_wconf 91' lang='lat' dir='ltr'><strong>famam</strong></span> 
     </span>
     <span class='ocr_line' id='line_1_27' title="bbox 108 2628 1113 2713; baseline -0.003 -21"><span class='ocrx_word' id='word_1_223' title='bbox 108 2633 236 2694; x_wconf 83' lang='lat' dir='ltr'><strong>defuncti</strong></span> <span class='ocrx_word' id='word_1_224' title='bbox 253 2631 447 2713; x_wconf 85' lang='lat' dir='ltr'><strong>pudoremque</strong></span> <span class='ocrx_word' id='word_1_225' title='bbox 468 2633 634 2711; x_wconf 88' lang='lat' dir='ltr'><strong>suscipere;</strong></span> <span class='ocrx_word' id='word_1_226' title='bbox 654 2630 690 2691; x_wconf 92' lang='lat' dir='ltr'><strong>ad</strong></span> <span class='ocrx_word' id='word_1_227' title='bbox 708 2629 784 2710; x_wconf 91' lang='lat' dir='ltr'><strong>quod</strong></span> <span class='ocrx_word' id='word_1_228' title='bbox 804 2647 841 2688; x_wconf 92' lang='lat' dir='ltr'><strong>ne</strong></span> <span class='ocrx_word' id='word_1_229' title='bbox 861 2638 891 2688; x_wconf 89' lang='lat' dir='ltr'><strong>te</strong></span> <span class='ocrx_word' id='word_1_230' title='bbox 911 2628 1007 2688; x_wconf 86' lang='lat' dir='ltr'><strong>verbis</strong></span> <span class='ocrx_word' id='word_1_231' title='bbox 1023 2629 1113 2706; x_wconf 81' lang='lat' dir='ltr'><strong>magis</strong></span> 
     </span>
     <span class='ocr_line' id='line_1_28' title="bbox 109 2712 1114 2796; baseline -0.007 -18"><span class='ocrx_word' id='word_1_232' title='bbox 109 2735 191 2796; x_wconf 85' lang='lat' dir='ltr'><strong>quam</strong></span> <span class='ocrx_word' id='word_1_233' title='bbox 204 2716 293 2777; x_wconf 90' lang='lat' dir='ltr'><strong>rebus</strong></span> <span class='ocrx_word' id='word_1_234' title='bbox 304 2715 413 2793; x_wconf 87' lang='lat' dir='ltr'><strong>horter,</strong></span> <span class='ocrx_word' id='word_1_235' title='bbox 430 2715 567 2795; x_wconf 85' lang='lat' dir='ltr'><strong>quidquid</strong></span> <span class='ocrx_word' id='word_1_236' title='bbox 580 2715 647 2775; x_wconf 92' lang='lat' dir='ltr'><strong>mihi</strong></span> <span class='ocrx_word' id='word_1_237' title='bbox 661 2723 742 2794; x_wconf 90' lang='lat' dir='ltr'><strong>pater</strong></span> <span class='ocrx_word' id='word_1_238' title='bbox 755 2722 820 2774; x_wconf 90' lang='lat' dir='ltr'><strong>tuus</strong></span> <span class='ocrx_word' id='word_1_239' title='bbox 838 2712 935 2772; x_wconf 88' lang='lat' dir='ltr'><strong>debuit</strong></span> <span class='ocrx_word' id='word_1_240' title='bbox 937 2720 1114 2791; x_wconf 89' lang='lat' dir='ltr'><strong>,acceptum</strong></span> 
     </span>
     <span class='ocr_line' id='line_1_29' title="bbox 108 2757 1140 2878; baseline -0.004 -18"><span class='ocrx_word' id='word_1_241' title='bbox 108 2801 159 2863; x_wconf 92' lang='lat' dir='ltr'><strong>tibi</strong></span> <span class='ocrx_word' id='word_1_242' title='bbox 179 2801 243 2862; x_wconf 89' lang='lat' dir='ltr'><strong>lieri</strong></span> <span class='ocrx_word' id='word_1_243' title='bbox 263 2799 378 2860; x_wconf 92' lang='lat' dir='ltr'><strong>iubebo.</strong></span> <span class='ocrx_word' id='word_1_244' title='bbox 408 2799 472 2860; x_wconf 87' lang='lat' dir='ltr'><strong>Nec</strong></span> <span class='ocrx_word' id='word_1_245' title='bbox 495 2798 634 2878; x_wconf 84' lang='lat' dir='ltr'><strong>estquod</strong></span> <span class='ocrx_word' id='word_1_246' title='bbox 652 2799 779 2859; x_wconf 86' lang='lat' dir='ltr'><strong>verearis</strong></span> <span class='ocrx_word' id='word_1_247' title='bbox 794 2815 830 2858; x_wconf 91' lang='lat' dir='ltr'><strong>ne</strong></span> <span class='ocrx_word' id='word_1_248' title='bbox 848 2798 886 2857; x_wconf 91' lang='lat' dir='ltr'><strong>sit</strong></span> <span class='ocrx_word' id='word_1_249' title='bbox 904 2757 971 2855; x_wconf 81' lang='lat' dir='ltr'><strong>rnfhi</strong></span> <span class='ocrx_word' id='word_1_250' title='bbox 989 2812 1140 2866; x_wconf 73' lang='lat' dir='ltr'><strong>onerosas</strong></span> 
     </span>
     <span class='ocr_line' id='line_1_30' title="bbox 70 2879 1112 2962; baseline -0.01 -12"><span class='ocrx_word' id='word_1_251' title='bbox 70 2886 163 2950; x_wconf 73' lang='lat' dir='ltr'><strong>toista</strong></span> <span class='ocrx_word' id='word_1_252' title='bbox 183 2884 306 2945; x_wconf 92' lang='lat' dir='ltr'><strong>donatio</strong></span> <span class='ocrx_word' id='word_1_253' title='bbox 338 2883 409 2944; x_wconf 90' lang='lat' dir='ltr'><strong>Sunt</strong></span> <span class='ocrx_word' id='word_1_254' title='bbox 430 2883 544 2962; x_wconf 91' lang='lat' dir='ltr'><strong>quidem</strong></span> <span class='ocrx_word' id='word_1_255' title='bbox 563 2884 677 2944; x_wconf 90' lang='lat' dir='ltr'><strong>omniuo</strong></span> <span class='ocrx_word' id='word_1_256' title='bbox 697 2882 781 2945; x_wconf 93' lang='lat' dir='ltr'><strong>nobis</strong></span> <span class='ocrx_word' id='word_1_257' title='bbox 798 2881 927 2942; x_wconf 89' lang='lat' dir='ltr'><strong>modicae</strong></span> <span class='ocrx_word' id='word_1_258' title='bbox 949 2879 1112 2956; x_wconf 80' lang='lat' dir='ltr'><strong>facultates,</strong></span> 
     </span>
     <span class='ocr_line' id='line_1_31' title="bbox 101 2962 1167 3066; baseline -0.006 -38.994"><span class='ocrx_word' id='word_1_259' title='bbox 101 2967 230 3045; x_wconf 80' lang='lat' dir='ltr'><strong>idiguitas</strong></span> <span class='ocrx_word' id='word_1_260' title='bbox 253 2962 436 3066; x_wconf 58' lang='lat' dir='ltr'><strong>sumptuosa}</strong></span> <span class='ocrx_word' id='word_1_261' title='bbox 467 2966 574 3028; x_wconf 88' lang='lat' dir='ltr'><strong>reditus</strong></span> <span class='ocrx_word' id='word_1_262' title='bbox 601 2976 722 3046; x_wconf 90' lang='lat' dir='ltr'><strong>propter</strong></span> <span class='ocrx_word' id='word_1_263' title='bbox 742 2966 932 3026; x_wconf 89' lang='lat' dir='ltr'><strong>conditionem</strong></span> <span class='ocrx_word' id='word_1_264' title='bbox 955 2962 1115 3041; x_wconf 78' lang='lat' dir='ltr'><strong>agellorum</strong></span> <span class='ocrx_word' id='word_1_265' title='bbox 1157 2975 1167 3000; x_wconf 59' lang='grc' dir='ltr'><strong>ι</strong></span> 
     </span>
     <span class='ocr_line' id='line_1_32' title="bbox 99 3046 1114 3128; baseline -0.005 -18.95"><span class='ocrx_word' id='word_1_266' title='bbox 99 3050 209 3112; x_wconf 90' lang='lat' dir='ltr'><strong>&#39;nescio</strong></span> <span class='ocrx_word' id='word_1_267' title='bbox 229 3053 368 3110; x_wconf 86' lang='lat' dir='ltr'><strong>minoren</strong></span> <span class='ocrx_word' id='word_1_268' title='bbox 389 3052 539 3112; x_wconf 87' lang='lat' dir='ltr'><strong>incertior:</strong></span> <span class='ocrx_word' id='word_1_269' title='bbox 562 3051 615 3111; x_wconf 90' lang='lat' dir='ltr'><strong>sed</strong></span> <span class='ocrx_word' id='word_1_270' title='bbox 632 3050 709 3128; x_wconf 90' lang='lat' dir='ltr'><strong>quod</strong></span> <span class='ocrx_word' id='word_1_271' title='bbox 724 3059 819 3110; x_wconf 89' lang='lat' dir='ltr'><strong>cessat</strong></span> <span class='ocrx_word' id='word_1_272' title='bbox 835 3067 873 3109; x_wconf 91' lang='lat' dir='ltr'><strong>ex</strong></span> <span class='ocrx_word' id='word_1_273' title='bbox 889 3048 982 3108; x_wconf 88' lang='lat' dir='ltr'><strong>reditu</strong></span> <span class='ocrx_word' id='word_1_274' title='bbox 998 3046 1114 3124; x_wconf 81' lang='lat' dir='ltr'><strong>frugali-</strong></span> 
     </span>
     <span class='ocr_line' id='line_1_33' title="bbox 110 3131 1113 3233; baseline -0.003 -40"><span class='ocrx_word' id='word_1_275' title='bbox 110 3143 166 3195; x_wconf 87' lang='lat' dir='ltr'><strong>tate</strong></span> <span class='ocrx_word' id='word_1_276' title='bbox 181 3133 347 3233; x_wconf 78' lang='lat' dir='ltr'><strong>suppletur,</strong></span> <span class='ocrx_word' id='word_1_277' title='bbox 369 3153 407 3195; x_wconf 90' lang='lat' dir='ltr'><strong>ex</strong></span> <span class='ocrx_word' id='word_1_278' title='bbox 428 3152 482 3212; x_wconf 89' lang='lat' dir='ltr'><strong>qua</strong></span> <span class='ocrx_word' id='word_1_279' title='bbox 496 3133 576 3195; x_wconf 85' lang='lat' dir='ltr'><strong>uelut</strong></span> <span class='ocrx_word' id='word_1_280' title='bbox 596 3135 675 3195; x_wconf 86' lang='lat' dir='ltr'><strong>fonte</strong></span> <span class='ocrx_word' id='word_1_281' title='bbox 692 3133 848 3194; x_wconf 87' lang='lat' dir='ltr'><strong>liberalitas</strong></span> <span class='ocrx_word' id='word_1_282' title='bbox 862 3141 959 3192; x_wconf 89' lang='lat' dir='ltr'><strong>nostra</strong></span> <span class='ocrx_word' id='word_1_283' title='bbox 974 3131 1113 3196; x_wconf 90' lang='lat' dir='ltr'><strong>decurrit;</strong></span> 
     </span>
     <span class='ocr_line' id='line_1_34' title="bbox 112 3216 1226 3297; baseline -0.005 -19"><span class='ocrx_word' id='word_1_284' title='bbox 112 3235 183 3296; x_wconf 84' lang='lat' dir='ltr'><strong>quae</strong></span> <span class='ocrx_word' id='word_1_285' title='bbox 196 3229 290 3280; x_wconf 89' lang='lat' dir='ltr'><strong>tamen</strong></span> <span class='ocrx_word' id='word_1_286' title='bbox 307 3219 344 3278; x_wconf 91' lang='lat' dir='ltr'><strong>ita</strong></span> <span class='ocrx_word' id='word_1_287' title='bbox 359 3218 542 3297; x_wconf 90' lang='lat' dir='ltr'><strong>temperanda</strong></span> <span class='ocrx_word' id='word_1_288' title='bbox 562 3227 607 3279; x_wconf 89' lang='lat' dir='ltr'><strong>est</strong></span> <span class='ocrx_word' id='word_1_289' title='bbox 625 3236 662 3277; x_wconf 87' lang='lat' dir='ltr'><strong>ne</strong></span> <span class='ocrx_word' id='word_1_290' title='bbox 678 3219 761 3278; x_wconf 91' lang='lat' dir='ltr'><strong>nimia</strong></span> <span class='ocrx_word' id='word_1_291' title='bbox 775 3217 942 3296; x_wconf 88' lang='lat' dir='ltr'><strong>profusione</strong></span> <span class='ocrx_word' id='word_1_292' title='bbox 957 3216 1135 3290; x_wconf 86' lang='lat' dir='ltr'><strong>inarescat‚4</strong></span> <span class='ocrx_word' id='word_1_293' title='bbox 1224 3220 1226 3224; x_wconf 83' lang='lat'>&#39;</span> 
     </span>
     <span class='ocr_line' id='line_1_35' title="bbox 74 3297 1142 3382; baseline -0.005 -22"><span class='ocrx_word' id='word_1_294' title='bbox 74 3301 162 3362; x_wconf 79' lang='lat' dir='ltr'><strong>ttsed</strong></span> <span class='ocrx_word' id='word_1_295' title='bbox 173 3301 355 3382; x_wconf 87' lang='lat' dir='ltr'><strong>temperanda</strong></span> <span class='ocrx_word' id='word_1_296' title='bbox 366 3303 395 3362; x_wconf 90' lang='lat' dir='ltr'><strong>in</strong></span> <span class='ocrx_word' id='word_1_297' title='bbox 406 3301 479 3379; x_wconf 89' lang='lat' dir='ltr'><strong>aliis,</strong></span> <span class='ocrx_word' id='word_1_298' title='bbox 494 3302 523 3360; x_wconf 91' lang='lat' dir='ltr'><strong>in</strong></span> <span class='ocrx_word' id='word_1_299' title='bbox 534 3309 563 3361; x_wconf 89' lang='lat' dir='ltr'><strong>te</strong></span> <span class='ocrx_word' id='word_1_300' title='bbox 575 3319 645 3362; x_wconf 85' lang='lat' dir='ltr'><strong>vero</strong></span> <span class='ocrx_word' id='word_1_301' title='bbox 662 3299 748 3363; x_wconf 87' lang='lat' dir='ltr'><strong>facile</strong></span> <span class='ocrx_word' id='word_1_302' title='bbox 762 3303 833 3362; x_wconf 93' lang='lat' dir='ltr'><strong>ratio</strong></span> <span class='ocrx_word' id='word_1_303' title='bbox 849 3298 1001 3375; x_wconf 87' lang='lat' dir='ltr'><strong>constabit,</strong></span> <span class='ocrx_word' id='word_1_304' title='bbox 1017 3297 1114 3357; x_wconf 89' lang='lat' dir='ltr'><strong>etiam·</strong></span> <span class='ocrx_word' id='word_1_305' title='bbox 1139 3344 1142 3348; x_wconf 95' lang='lat'>.</span> 
     </span>
     <span class='ocr_line' id='line_1_36' title="bbox 114 3383 561 3474; baseline -0.009 -28"><span class='ocrx_word' id='word_1_306' title='bbox 114 3386 136 3446; x_wconf 88' lang='lat' dir='ltr'><strong>si</strong></span> <span class='ocrx_word' id='word_1_307' title='bbox 149 3385 261 3448; x_wconf 93' lang='lat' dir='ltr'><strong>modum</strong></span> <span class='ocrx_word' id='word_1_308' title='bbox 276 3387 446 3448; x_wconf 84' lang='lat' dir='ltr'><strong>excesserit.</strong></span> <span class='ocrx_word' id='word_1_309' title='bbox 471 3383 561 3474; x_wconf 79' lang='lat' dir='ltr'><strong>¹Vale.</strong></span> 
     </span>
    </p>
   </div>
   <div class='ocr_carea' id='block_1_6' title="bbox 0 0 1323 4102">
    <p class='ocr_par' dir='ltr' id='par_1_6' title="bbox 0 0 1323 4102">
     <span class='ocr_line' id='line_1_37' title="bbox 0 0 1323 4102; baseline 0 0"><span class='ocrx_word' id='word_1_310' title='bbox 0 0 1323 4102; x_wconf 95' lang='lat' dir='ltr'><strong> </strong></span> 
     </span>
    </p>
   </div>
  </div>
 </body>
</html>
