2614 4104
253 284 516 348 EPISTULARUM
530 295 707 350 nra—ms.
723 288 924 366 [rue-rm]
1017 283 1080 352 237

79 456 188 500 rersum
202 456 322 499 movere
343 448 371 499 te
389 443 490 518 potuit.
524 437 593 498 Mihi
605 439 661 498 hoe
675 447 928 516 temperamentum
942 441 1004 500 eius
1019 440 1080 518 pla·

81 525 134 583 cuit
150 531 180 582 ut
198 542 237 583 ex
257 524 411 603 praeterito
426 522 494 582 nibil
515 539 699 598 moveremus,
722 521 774 582 sed
790 532 935 584 manerent
952 525 1079 602 quamvis

81 616 173 666 eontra
186 606 286 685 legem
303 608 403 668 adsciti
424 623 667 686 quarumcumque
683 605 825 666 civitatum
841 609 939 684 ciues,
959 609 987 667 in
1004 607 1079 668 iutu-

79 708 134 749 mm
148 700 244 752 autem
259 690 308 752 lex
321 690 456 770 Pompeia
470 691 685 758 observaretur;
702 691 783 750 cuius
797 692 854 749 va
874 689 899 750 si
913 700 992 752 retro
1009 709 1078 770 quo·

57 789 132 851 sque
146 774 269 836 velimus
285 775 441 854 custodire,
455 774 543 835 multa
556 791 681 835 necesse
697 783 742 834 est
757 775 924 851 perturbari.

444 907 544 972 cxvr.
568 907 706 989 [cxvii]

301 1006 328 1059 U.
346 1007 472 1059 PLINIUS
488 1009 632 1062 TRAIANO
651 1009 856 1061 IMPERATORI.

136 1109 191 1184 out
210 1110 325 1171 vitilem
340 1120 437 1190 togam
456 1123 568 1174 sumunt
588 1113 636 1174 vel
655 1115 767 1192 nuptias
788 1114 893 1174 iaciunt
913 1113 962 1173 vel
983 1117 1100 1179 ineuntl

45 1195 268 1271 lomagistratum
285 1194 333 1255 vel
355 1213 428 1274 opus
450 1197 595 1276 publicum
614 1197 761 1276 dedicant,
782 1197 878 1258 solent
891 1207 978 1258 totum
992 1197 1078 1258 bulen

79 1286 158 1356 atque
179 1281 296 1340 etiame
314 1279 401 1359 plebe
423 1299 480 1340 non
496 1281 634 1358 exiguum
651 1300 796 1342 numerum
817 1298 922 1341 vocare
936 1281 1078 1358 binosque

80 1359 205 1424 denarios
223 1363 274 1424 vel
295 1363 424 1442 siugulos
442 1365 518 1426 dare.
552 1365 636 1440 Quod
657 1384 692 1426 an
712 1364 913 1426 celebrandum
933 1373 962 1426 et
980 1375 1078 1444 quate·

80 1462 127 1506 nus
143 1459 229 1524 putes
247 1465 322 1525 rogo
339 1449 457 1510 scribas.
490 1449 559 1528 Ipse
579 1452 654 1510 enim
674 1451 747 1511 sicut
763 1450 895 1527 arbitror,
910 1449 1105 1528 praesertimb

82 1545 115 1588 ex
128 1530 318 1593 sollemnibus
334 1534 445 1611 causis,
462 1533 661 1594 concedendas
683 1552 751 1596 esse
765 1535 962 1612 invitatIones‚
977 1536 1016 1596 ita
1027 1551 1079 1592 ve·

48 1621 141 1672 ltreor
160 1635 196 1676 ne
217 1618 236 1675 ii
259 1618 306 1694 qui
326 1615 403 1676 mille
423 1618 568 1696 homines,
592 1617 732 1678 Interdum
752 1619 835 1677 etiam
856 1615 955 1695 plures
976 1624 1080 1677 vocant

81 1697 186 1758 modum
202 1699 349 1761 excedere
364 1709 394 1761 et
413 1703 441 1760 In
463 1703 592 1780 speciem
613 1701 758 1762 dianomes
778 1701 906 1761 Incidere
919 1701 1077 1761 videantur.

440 1834 553 1896 cxvn.
567 1833 718 1912 [oxum]

409 1932 573 1984 TRAIANUS
590 1933 697 1983 PLINIO
717 1931 743 1983 S.

48 2031 77 2086 Io
138 2029 240 2093 Nerito
262 2034 372 2093 vereris
392 2051 430 2092 ne
449 2035 478 2092 In
500 2036 628 2111 speciem
654 2034 798 2095 dianomes
817 2033 922 2093 incidat
941 2034 1078 2110 Invitatio‚

84 2130 150 2190 quae
164 2124 193 2176 et
210 2118 241 2176 in
257 2132 373 2177 numero
389 2115 502 2176 modum
516 2118 632 2178 excedit
654 2127 683 2177 et
704 2119 784 2196 quasi
799 2135 853 2196 per
868 2134 1006 2196 corpora,
1022 2134 1079 2177 non

83 2197 178 2259 vbitIm
200 2199 331 2278 singulos
352 2203 523 2279 eunomia,
544 2200 579 2261 ad
600 2201 754 2263 sollemnes
770 2199 914 2280 sportulas
929 2201 1077 2261 contrahit.
1124 2245 1126 2248 Α

84 2278 136 2341 Sed
150 2302 206 2362 epo
226 2283 294 2345 ideo
309 2283 486 2364 prudentiam
508 2294 582 2345 tuam
598 2284 675 2362 elegi
696 2294 726 2345 ut
747 2284 900 2345 formandIs
915 2284 997 2347 istius
1011 2301 1078 2362 pro-

83 2366 185 2428 rIncIae
206 2368 333 2429 moribus
353 2370 417 2446 Ipse
439 2368 628 2430 moderareris
646 2377 676 2429 et
696 2386 731 2429 ea
749 2370 938 2430 constitueres
955 2386 1028 2446 quae
1042 2366 1077 2427 ad

50 2451 244 2530 inperpetuum
260 2455 321 2513 eius
335 2452 500 2531 provIncIae
516 2454 641 2532 quietem
655 2462 754 2514 essent
769 2452 923 2531 profutura.

421 2585 549 2649 oxum.
573 2584 739 2666 [oxum]

301 2686 327 2738 U.
345 2687 471 2740 PLINIUS
489 2687 637 2739 TRAIANO
654 2685 859 2738 IMPERATORI.

139 2788 287 2867 Athletae,
299 2789 423 2868 domiue,
438 2809 556 2870 eaquae
569 2807 622 2869 pro
633 2789 786 2850 iselastIcis
800 2789 998 2849 certamInibus
1011 2803 1078 2847 con·
1090 2806 1104 2856 1

52 2870 191 2936 testituisti
207 2872 308 2934 deberi
320 2874 374 2934 sibi
390 2884 488 2953 putant
504 2876 596 2936 statim
613 2893 650 2934 ex
666 2890 701 2932 eo
720 2873 766 2934 die
784 2889 840 2952 quo
856 2881 921 2933 sunt
936 2873 1076 2933 coronati:

85 2953 146 3013 nIbiI
161 2958 235 3017 enirn
249 2956 359 3018 reicmc
376 2958 487 3037 quando
502 2961 558 3019 sint
569 2960 689 3037 patriam
696 2958 814 3034 invecti,
829 2957 881 3018 sed
893 2955 1004 3036 quando
1017 2973 1079 3016 cer-

86 3039 179 3100 tamine
204 3042 342 3119 vtcerint,
369 3059 406 3102 ex
426 3060 482 3120 quo
507 3042 603 3102 iuvebi
626 3042 746 3121 possim.
778 3039 843 3118 Ego
865 3050 962 3101 contra
984 3039 1078 3098 scribo

56 3167 62 3176 .
88 3120 227 3186 ‘Iselastici
246 3127 389 3186 nomine':
413 3127 541 3205 iitaque
557 3143 655 3185 eorum
668 3125 855 3185 vehementer
870 3123 1031 3183 addubitem
1043 3138 1079 3180 an

87 3201 120 3264 tit
131 3208 223 3283 potius
237 3209 266 3268 id
279 3218 393 3288 tempus
409 3226 465 3286 quo
487 3201 665 3288 εἰσήλασαν
684 3206 857 3267 Intuendum.
889 3205 978 3266 Iidem
992 3205 1103 3272 obse-o

53 3288 127 3348 ttnia
138 3301 235 3368 petunt
248 3311 302 3372 pro
321 3309 357 3353 eo
372 3309 466 3370 agone
484 3293 531 3371 qui
552 3311 568 3352 a
582 3302 611 3352 te
626 3290 789 3352 Iselasticus
803 3290 895 3350 lactus
910 3297 966 3365 est,
982 3306 1077 3367 quam·

87 3372 126 3430 vis
139 3376 256 3437 vicerint
270 3385 335 3437 ante
352 3394 434 3456 quam
449 3377 541 3437 beret.
560 3376 645 3436 Aiunt
661 3376 734 3435 enim
749 3391 912 3451 congruens
927 3389 1006 3448 esse,
1022 3373 1078 3433 sic·

87 3462 187 3518 utnon
209 3460 290 3522 detur
309 3461 363 3522 sibi
387 3478 439 3539 pro
461 3460 505 3521 bis
527 3459 727 3521 certamInibus
751 3475 825 3536 quac
844 3475 912 3518 esse
932 3454 1078 3517 Iselastiea

88 3546 228 3620 postquam
242 3545 371 3606 vicerunt
389 3543 544 3622 desterno,
560 3546 598 3604 ita
613 3560 664 3622 pro
680 3544 714 3604 iis
730 3542 787 3602 dari
802 3559 874 3620 quae
887 3559 953 3602 esse
971 3556 1078 3619 coepe·
