2632 4096
206 297 268 362 124
632 297 666 358 (l.
685 295 782 357 rum

206 451 256 510 rit.
292 449 445 510 Damnatus
467 458 496 509 et
515 450 544 510 iu
555 448 676 510 insulam
690 446 852 526 relegatus:
873 448 1018 509 Bruttiano
1030 448 1213 510 iustissimum

206 535 374 611 integritatis
395 535 584 594 testimonium
607 531 763 610 redditum,
794 549 879 610 quem
905 532 1018 614 quidem
1040 535 1123 594 etiam
1144 551 1215 592 con·

181 619 326 680 oetentiae
341 616 432 695 gloria
446 627 547 678 eecuta
562 625 616 677 est.
637 613 707 675 Nam
725 614 863 676 defensus
880 616 1112 695 expeditissime,
1127 633 1214 677 accu-

207 703 280 762 sarit
293 701 479 760 vehementer
498 718 553 760 nec
573 700 664 758 minus
685 717 755 759 acer
770 716 852 778 quam
867 699 959 760 bouus
975 709 1005 760 et
1017 701 1149 761 sincerus
1163 718 1214 780 ap·

180 785 307 863 tparuit.
330 782 413 857 Quod
424 783 475 842 tibi
490 784 612 861 scripsi,
634 791 665 842 ut
685 792 716 842 te
736 783 867 845 sortitum
887 784 1061 862 provinciam
1082 799 1239 862 praeno-5

206 885 319 945 nerem,
342 867 492 946 plurimum
512 867 563 926 tibi
586 865 687 927 credas
702 884 757 927 uec
775 869 905 946 cuiquam
920 868 989 927 satis
1004 866 1090 943 lidae,
1109 867 1216 928 deinde

206 952 296 1029 scias,
311 952 335 1009 si
351 952 415 1028 quia
430 949 505 1010 forte
520 958 566 1027 te,
590 947 667 1029 quod
683 951 845 1027 abominor,
867 949 962 1027 fallat,
987 959 1110 1028 paratam
1129 951 1216 1012 ultio·

179 1043 284 1102 8nem;
307 1051 361 1112 qua
381 1043 475 1094 tamen
496 1051 533 1094 ue
548 1034 586 1093 ait
599 1050 673 1112 opus
689 1035 773 1095 otiam
785 1033 879 1113 adque
895 1037 978 1095 etiam
998 1033 1123 1098 attende.
1156 1034 1215 1096 Ne·

206 1134 262 1195 que
279 1119 352 1176 enim
375 1127 430 1178 tam
451 1115 601 1177 iucundum
626 1126 671 1178 est
692 1117 828 1178 vindicari
849 1135 931 1197 quam
951 1117 1047 1197 decipi
1067 1120 1213 1180 miserum.

205 1199 285 1260 Vale.
1224 1211 1251 1262 lc

647 1281 753 1346 XXlll.

487 1381 516 1433 o.
534 1381 661 1434 rnrnms
678 1382 813 1434 omnmo
830 1381 891 1435 suo
907 1381 933 1433 s.
1302 1357 1306 1464 l

184 1495 191 1543 Ι
267 1484 392 1565 lupense
407 1487 482 1566 petis
498 1493 529 1546 ut
542 1503 624 1566 agam
642 1503 754 1546 causam
769 1487 957 1564 pertinentem
968 1484 1004 1546 ad
1016 1504 1110 1548 curam
1124 1498 1213 1565 tuam,

207 1568 352 1648 pulchram
368 1567 474 1647 alioqui
494 1578 524 1630 et
545 1569 690 1630 famosam.
722 1567 852 1646 Faciam,
868 1567 921 1630 sed
935 1585 993 1629 non
1007 1572 1106 1650 gratis.
1141 1571 1214 1648 ‘Qui

206 1655 267 1715 lieri
289 1657 396 1732 potest'
418 1655 509 1732 inquis
532 1657 575 1713 ‘ut
595 1668 652 1712 non
672 1654 759 1730 gratis
780 1649 849 1712 tul’
875 1651 989 1713 Potest:
1010 1655 1121 1734 exigam
1136 1659 1214 1716 euim
1223 1659 1251 1716 15

181 1737 372 1798 imercedem'
387 1736 580 1802 honestiorem
594 1737 718 1815 gratuito
734 1738 904 1816 patrocinio.
933 1735 1003 1796 Peto
1019 1737 1111 1818 adque
1127 1743 1215 1802 etiam

208 1823 340 1898 paciscor
360 1831 391 1883 ut
413 1820 495 1882 simul
512 1829 577 1898 agat
598 1818 757 1881 Cremutius
772 1819 862 1880 Ruso.
893 1819 1014 1880 Solitum
1031 1823 1087 1882 hoc
1100 1822 1170 1883 milri
1185 1831 1214 1884 et

207 1905 260 1962 iam
282 1906 310 1962 iu
333 1903 461 1983 pluribus
485 1905 569 1966 claris
590 1903 820 1965 adulescentibus
847 1904 1013 1965 factitatum.
1046 1904 1117 1966 Nam
1141 1908 1214 1968 mire

207 1988 381 2066 concupisco
402 1989 494 2049 bonos
515 1989 634 2047 iuvenes
657 1988 811 2048 ostendere
831 1987 912 2066 loro,
939 1988 1087 2067 adsignare
1110 1990 1213 2052 lamae.

180 2068 291 2143 3οιοά
311 2071 336 2128 si
356 2071 419 2148 cui,
444 2079 591 2149 praestare
608 2070 716 2131 Rusoni
730 2089 795 2132 meo
811 2071 923 2150 debeo,
939 2072 987 2133 rel
1003 2082 1251 2152 propternata·20
1304 2137 1305 2142 ,

206 2153 251 2212 les
272 2153 362 2230 ipsius
388 2152 437 2214 rel
458 2163 577 2233 propter
598 2156 728 2216 eximiam
748 2157 805 2216 mei
831 2157 991 2224 caritatem:
1015 2176 1100 2237 quem
1119 2159 1214 2236 magui
1304 2179 1305 2191 ι

206 2239 325 2297 aestimo
348 2239 375 2296 in
396 2237 487 2299 isdem
507 2237 636 2317 iudiciis,
659 2257 697 2298 ex
715 2239 808 2298 isdem
828 2241 911 2299 etiam
933 2241 1062 2320 partibus
1083 2244 1214 2319 conspici

180 2320 304 2382 aaudiri.
336 2320 438 2400 Obliga
452 2340 514 2400 me,
537 2321 633 2401 obliga
654 2332 719 2384 ante
736 2339 818 2402 quam
833 2321 923 2392 dicat;
943 2340 1007 2382 nam
1022 2341 1085 2384 cum
1099 2325 1213 2402 dixerit,

205 2407 310 2482 gratias
325 2423 404 2483 ages.
434 2405 570 2485 Spondeo
585 2405 767 2468 sollicitudini
782 2414 865 2482 tuae,
880 2408 945 2484 spei
960 2424 1059 2486 meae,
1075 2411 1213 2486 magnitu-

207 2488 262 2550 dini
278 2507 382 2552 causac
397 2489 591 2552 collecturum.
610 2490 663 2551 Est
678 2489 780 2551 indolis
796 2491 938 2569 optimae,
962 2491 1043 2551 brevi
1057 2491 1250 2571 productutb

180 2581 254 2633 brus
275 2573 365 2652 alios,
391 2575 416 2636 si
436 2576 546 2635 interim
567 2583 723 2652 provectus
745 2574 831 2633 luerit
852 2574 982 2635 anobis.
1014 2573 1116 2657 Neque
1138 2579 1213 2636 euim

208 2658 336 2735 cuiquem
354 2667 408 2718 tam
429 2657 534 2719 clarum
554 2659 646 2719 statim
664 2659 807 2736 ingenium
826 2665 858 2716 ut
875 2659 967 2736 possit
981 2677 1141 2738 emergere,
1158 2661 1213 2721 nisi

206 2738 396 2880 qlpilmateria,
416 2743 549 2818 occasio,
569 2740 662 2802 fautor
678 2744 762 2802 etiam
774 2741 1045 2822 commendatorque
1057 2744 1211 2824 contingat.

232 2842 247 2882 a
260 2841 285 2880 e.

649 2925 769 2986 XXllll.

491 3024 518 3081 0.
536 3025 664 3078 PLINIUS
682 3025 794 3078 MACRO
814 3025 875 3078 SUO
893 3026 921 3080 S.

180 3136 193 3186 1
268 3125 359 3200 Quam
378 3126 495 3187 multum
516 3129 637 3192 interest
657 3148 674 3189 a
696 3147 753 3208 quo
774 3129 903 3208 quidve
920 3129 981 3191 llatl
1008 3128 1116 3191 Eadem
1138 3130 1211 3189 enim

206 3211 279 3272 lacta
296 3209 423 3271 claritate
436 3211 485 3271 vel
500 3212 674 3274 obscuritate
689 3213 851 3274 iacientium
866 3222 914 3274 aut
927 3213 1065 3274 tolluntur
1075 3213 1210 3275 altissime

179 3303 252 3356 aaut
274 3293 430 3355 humillime
446 3295 650 3375 deprimuntur.
681 3293 855 3374 Navigabam
876 3315 930 3376 per
948 3296 1059 3357 barium
1072 3305 1209 3372 nostrum,

206 3397 269 3440 cnm
284 3379 382 3440 senior
395 3381 502 3441 amicus
518 3381 643 3441 ostendit
655 3379 722 3438 mibi
737 3379 832 3440 villam
846 3380 940 3460 adque
953 3382 1037 3440 etiam
1050 3379 1210 3441 cubiculum
1217 3384 1247 3440 ³5

206 3461 282 3540 quod
297 3463 326 3521 iu
343 3461 436 3522 lacum
451 3464 607 3540 prominet:
629 3468 679 3523 ‘ex
693 3461 761 3524 boc’
782 3465 873 3542 iuquit
886 3463 1050 3544 ‘aliquando
1064 3466 1211 3541 municeps

178 3552 301 3605 anostra
316 3559 381 3604 cum
395 3547 495 3604 marito
509 3563 543 3606 se
554 3547 774 3626 praecipitavit?
798 3546 919 3607 causam
928 3550 1076 3627 requisivi.
1096 3547 1212 3608 llaritus

1218 2969 1250 3022 ³⁰
1302 2981 1303 3058 l
