2632 4096
220 265 281 331 122
645 264 679 327 (l.
701 263 799 327 Pbllll

180 432 211 487 13
220 425 320 496 satque
335 434 368 478 se
384 417 461 500 quod
476 427 664 480 memoretur.
687 417 745 478 lam
760 419 841 495 cinis,
856 417 948 479 adbuc
960 426 1054 480 tamen
1067 435 1164 480 rarus:
1179 436 1221 477 rs·

220 502 329 581 spicio;
355 502 442 563 densa
464 502 557 581 caligo
579 504 668 580 tergis
697 502 874 580 imminebat,
905 519 981 581 quac
1005 519 1058 563 nos
1089 502 1220 562 torrentis

219 585 304 648 modo
324 585 416 647 intusa
435 594 529 647 terrae
546 585 728 663 sequebatur.
763 585 979 646 ‘Deductamus’
1000 587 1133 665 inquam,
1148 584 1220 644 ‘dum

220 670 349 730 ridemus
364 688 400 729 ne
422 671 450 729 in
463 672 508 731 uia
523 673 602 730 strati
617 671 807 731 comitantium
821 669 903 728 turba
916 671 944 728 in
961 671 1089 731 tenebris
1105 678 1220 748 optera-

181 759 304 824 14mur’.
327 753 382 813 Vix
397 753 624 832 consideramus,
641 762 670 814 et
681 771 750 831 nox,
765 770 820 813 non
832 751 923 832 qualis
937 751 1040 817 inlunis
1053 763 1103 814 aut
1117 751 1241 828 nubilas

221 837 273 900 sed
289 834 380 916 qualis
399 837 428 895 in
442 835 516 897 locis
538 836 642 898 clausis
663 836 768 897 lumine
788 840 926 897 extincto.
957 836 1080 897 Audires
1101 836 1220 897 ululatus

219 922 399 997 feminarum,
415 920 547 981 inlautum
567 923 729 1000 quiritatus,
750 920 889 980 clamores
904 920 1044 981 virorum:
1057 920 1106 981 alii
1124 937 1221 1000 paren·

219 1014 282 1082 tes,
303 1003 349 1064 alii
370 1002 494 1083 liberos,
518 1004 565 1064 alii
580 1007 719 1083 coniuges
733 1006 854 1064 vocibus
876 1005 1075 1082 requirebant,
1102 1003 1220 1064 vocibus

219 1087 412 1148 noscitabant:
438 1087 466 1149 hi
487 1107 568 1149 suurn
584 1105 696 1166 casum,
711 1087 752 1148 illi
767 1105 880 1150 suorum
900 1088 1122 1149 miserabantur:
1146 1094 1220 1146 erant

181 1186 212 1240 15
221 1172 268 1251 qui
289 1180 365 1232 metu
386 1171 485 1232 mortis
505 1181 625 1234 mortem
645 1181 842 1250 precarentur:
876 1169 955 1232 multi
975 1171 1011 1232 ad
1033 1171 1105 1233 deos
1127 1181 1253 1232 manuslt

221 1254 341 1334 tollere,
358 1254 456 1335 plures
469 1273 607 1336 nusquam
621 1258 676 1317 iam
691 1255 763 1316 deos
778 1255 871 1334 ullos,
887 1264 1088 1335 aeternamque
1104 1255 1182 1315 illam
1195 1260 1221 1312 et

220 1340 401 1401 novissimam
420 1349 533 1400 noctem
556 1339 659 1400 mundo
684 1341 947 1419 interpretabantur.
987 1338 1050 1400 Nec
1073 1339 1219 1400 defuerunt

221 1424 268 1504 qui
283 1424 356 1482 lictis
373 1424 553 1502 mentitisque
568 1425 724 1484 terroribus
738 1441 807 1484 uera
821 1421 949 1501 pericula
965 1432 1114 1500 augerent.
1147 1420 1219 1482 ilde

220 1514 284 1567 runt
298 1508 345 1586 qui
357 1504 458 1566 Miseni
472 1506 540 1566 illud
554 1506 663 1585 ruisse,
689 1507 758 1566 illud
775 1507 875 1566 ardere
897 1506 987 1586 falso,
1008 1506 1060 1567 sed
1082 1504 1219 1568 credenti·

182 1591 273 1655 tfibus
291 1589 459 1650 nuntiabant.
491 1589 606 1650 Paulum
628 1590 747 1659 reluxit;
773 1589 848 1670 quod
862 1607 918 1649 non
933 1590 995 1650 dies
1009 1591 1093 1652 nobis
1110 1589 1163 1651 sed
1176 1585 1252 1647 adli

221 1759 357 1836 substitit,
372 1758 508 1819 tenebrae
522 1776 630 1836 rursus,
646 1759 716 1818 cinis
731 1776 829 1818 rursus
843 1757 946 1818 multus
962 1768 992 1818 et
1005 1759 1113 1834 mavis.
1143 1756 1218 1816 llunc

221 1841 374 1903 identidem
401 1841 588 1920 adsurgentes
619 1842 850 1902 excutiebamus:
888 1843 981 1919 operti
1006 1842 1114 1920 alioqui
1130 1839 1218 1918 adque

181 1925 305 1990 rtetiam
325 1923 408 1984 oblisi
429 1925 556 2004 pondere
577 1942 717 1986 essemus.
749 1924 866 1988 Possem
887 1923 1003 2002 gloriari
1017 1941 1073 1984 non
1088 1924 1218 2003 gemitum
1293 1953 1294 2013 t

221 2007 305 2086 mibi,
326 2024 383 2066 non
398 2023 500 2070 vocem
517 2027 614 2087 parum
634 2008 738 2070 fortem
757 2011 785 2068 in
804 2010 890 2069 tantis
910 2007 1047 2087 periculis
1065 2007 1252 2079 excidisse,ttt

221 2093 273 2151 nisi
289 2109 334 2152 me
349 2108 413 2149 cum
428 2092 574 2171 omnibus,
592 2095 683 2152 omnia
697 2109 809 2152 mecum
823 2092 919 2171 perire
933 2094 1050 2169 misero,
1063 2107 1167 2169 magno
1181 2098 1218 2148 ta-

181 2184 213 2239 18
221 2193 285 2234 men
306 2173 481 2235 mortalitatis
503 2175 611 2236 solacio
634 2174 827 2236 credidissem.
859 2174 982 2235 Tandem
1002 2175 1049 2235 illa
1069 2175 1164 2254 caligo
1179 2181 1217 2232 te·

220 2268 303 2320 nuata
318 2258 398 2338 quasi
421 2259 449 2318 in
468 2259 573 2318 fumum
592 2258 759 2319 nebulamve
781 2257 928 2319 discessit:
951 2276 1019 2319 mcx
1039 2256 1100 2319 dies
1122 2274 1216 2328 rems,
1292 2271 1293 2331 ,

223 2342 268 2405 sol
282 2344 366 2404 etiam
382 2341 504 2420 effulsit,
520 2343 626 2404 luridus
638 2351 745 2417 tamen,
765 2341 855 2419 qualis
871 2360 952 2418 esse,
966 2360 1030 2402 cnm
1044 2341 1157 2418 deficit,
1175 2355 1216 2400 so·

220 2427 271 2491 let.
296 2427 489 2488 Occursabant
502 2426 707 2505 trepidantibus
721 2425 813 2485 adbuc
828 2425 920 2485 oculis
934 2435 1036 2486 mutata
1047 2427 1141 2486 omnia
1151 2419 1250 2484 alto-25

181 2520 213 2575 19
223 2530 279 2591 que
295 2513 403 2589 cinere,
418 2519 557 2589 tamquam
569 2512 646 2589 nive,
662 2508 793 2570 obducta.
822 2510 961 2588 Regressi
974 2509 1124 2587 blisenum,
1142 2523 1216 2570 cura·
1291 2581 1292 2584 Ἴ

220 2595 257 2657 tls
272 2605 425 2674 utcumque
441 2595 609 2674 corporibus
623 2610 790 2673 suspensam
805 2591 974 2672 dubiamque
988 2603 1101 2654 noctem
1116 2610 1170 2672 spe
1185 2605 1216 2649 ac
1291 2589 1292 2649 l

222 2689 299 2739 metu
315 2681 473 2756 exegimus.
491 2677 584 2738 lletus
596 2676 791 2756 pmevalebat:
806 2695 869 2735 uam
885 2685 914 2737 et
928 2685 1034 2738 tremor
1047 2686 1141 2738 terrae
1156 2691 1216 2754 per-

223 2762 373 2822 severabat
388 2770 418 2822 et
433 2761 564 2840 plerique
577 2761 712 2839 lymphati
724 2760 855 2821 terrificis
866 2760 1109 2823 vaticinationibus
1124 2770 1155 2821 et
1170 2772 1216 2818 sua

180 2854 253 2906 boet
271 2842 362 2904 aliena
381 2844 452 2904 mala
472 2844 695 2905 ludilicabantur.
728 2842 818 2905 Nobis
839 2852 932 2903 tanmn
954 2864 992 2906 ne
1008 2854 1076 2905 tunc
1096 2843 1249 2923 quidemst

222 2945 387 3007 quamquam
408 2937 437 2988 et
456 2929 582 3006 expertis
604 2927 761 3007 periculum
776 2937 805 2989 et
827 2930 1076 3007 exspectantibus,
1101 2921 1216 2988 meanti
1290 2939 1291 2964 t

223 3012 381 3090 consilium,
396 3010 489 3072 donee
505 3010 541 3072 de
555 3011 695 3073 avunculo
708 3013 831 3072 nuntius.
858 3009 937 3072 llaec
947 3029 1121 3092 nequaquam
1135 3011 1216 3072 histo

221 3098 262 3157 ria
282 3097 367 3174 digna
385 3112 442 3156 non
456 3097 615 3174 scripturus
629 3095 714 3174 leges
730 3104 760 3156 et
776 3097 843 3171 tibi,
866 3095 979 3157 scilicet
1000 3098 1048 3175 qui
1065 3089 1215 3173 requisisti,

221 3182 379 3261 inputabis,
396 3181 421 3239 si
433 3177 515 3257 digna
528 3198 565 3240 ne
578 3179 701 3258 epistula
717 3178 830 3258 quidem
844 3178 1025 3243 ridebuntur.
1056 3176 1137 3240 Vale.
1221 3253 1246 3309 μ
1289 3249 1290 3258 χ

686 3309 763 3372 XXI.

502 3413 530 3465 G.
549 3412 674 3464 PLINIUS
692 3411 823 3464 GAMNIO
840 3411 901 3464 SUO
917 3411 944 3466 S.

198 3527 208 3575 t
283 3515 352 3574 Sum
366 3532 403 3574 ex
418 3517 453 3576 ils
467 3517 514 3592 qui
528 3514 660 3574 mirantur
674 3515 820 3592 antiquos,
847 3530 902 3573 non
920 3522 1030 3591 tamen,
1052 3520 1083 3571 ut
1101 3509 1215 3590 quiden,
1288 3575 1289 3607 ,
