2632 4102
219 289 262 353 82
647 282 678 348 C.
702 283 799 346 PLlNl

220 459 357 523 perquam
378 457 531 502 onerosum
556 457 694 501 accusare
716 439 888 517 damnatum,
914 456 999 518 quem
1024 448 1056 500 ut
1076 438 1227 519 premebat

220 527 355 588 atrocitas
371 526 506 602 criminis,
522 526 561 584 ita
572 527 652 603 quasi
664 533 798 604 peractae
811 523 996 585 damnationis
1006 525 1151 585 miseratio
1162 532 1226 583 tue·

178 611 310 671 libatur.
330 609 489 688 Utcumque
500 619 594 669 tamen
605 611 724 687 animum
736 609 994 687 cogitationemque
1007 606 1126 685 collegi,
1140 608 1227 686 coepi

221 693 319 756 dicere
333 710 390 755 non
404 695 513 753 minore
527 691 698 752 audientium
711 691 835 754 adsensu
846 709 929 771 quam
940 690 1132 753 sollicitudine
1147 707 1226 751 mea:

220 779 277 841 dixi
292 777 369 838 luoris
384 769 476 855 pa‘ene
493 777 626 856 quinque.
648 775 720 836 Nam
733 776 883 838 duodecim
901 774 1061 855 clepsydris
1077 793 1147 855 quas
1160 792 1227 854 spa·
1237 793 1262 844 5.

220 863 389 923 tiosissimas
409 877 579 938 acceperam
598 869 663 920 sunt
685 860 796 921 additae
818 869 959 939 quattuor.
989 858 1072 920 Adeo
1093 858 1142 920 illa
1162 859 1228 938 ipsa

220 964 293 1024 quae
315 944 382 1004 dura
399 953 429 1004 et
448 943 569 1005 adversa
587 944 698 1004 dicturo
714 943 883 1005 videbantur
902 943 1028 1006 secunda
1043 943 1148 1004 dicenti
1162 943 1228 1003 luc-

178 1034 292 1089 15runt.
314 1024 421 1088 Caesar
434 1027 548 1106 quidem
561 1037 666 1088 tautum
680 1027 747 1088 mihi
761 1028 898 1106 studium,
914 1037 1018 1089 tantam
1032 1030 1116 1089 etiam
1131 1044 1228 1088 curam

221 1113 350 1190 (nimium
364 1121 409 1172 est
424 1115 498 1172 enim
513 1111 610 1172 dicere
622 1111 858 1191 sollicitudinem)
875 1113 1034 1196 praestitit,
1048 1121 1079 1172 ut
1093 1110 1228 1172 libertum

219 1215 314 1256 meum
328 1205 395 1274 post
409 1213 454 1256 me
470 1204 591 1256 stantem
607 1198 723 1276 saepius
737 1197 902 1259 admoneret
917 1198 984 1256 roci
999 1195 1138 1274 laterique
1155 1209 1273 1261 con-10

220 1279 356 1358 sulerem,
373 1298 435 1340 cum
450 1299 496 1340 me
510 1279 707 1342 vehementius
727 1290 840 1360 putaret
859 1280 965 1341 intendi
983 1299 1066 1360 quam
1080 1277 1227 1358 gracilitas

219 1382 282 1425 mea
305 1365 420 1444 perpeti
444 1366 554 1440 posset.
586 1363 746 1444 Respondit
765 1364 831 1424 mihi
853 1381 905 1443 pro
925 1363 1068 1425 lllarciano
1089 1362 1227 1427 claudius

178 1454 212 1508 16
219 1446 410 1508 Marcellinus.
439 1445 545 1508 Missus
560 1447 662 1509 deinde
676 1459 791 1511 senatus
806 1458 835 1509 et
852 1457 1006 1510 revocatus
1021 1451 1227 1528 inposterum:

219 1550 315 1610 neque
326 1533 400 1592 enim
410 1533 465 1591 iam
478 1530 604 1593 inchoari
618 1542 731 1611 poterat
744 1535 829 1610 actio,
845 1533 899 1593 nisi
913 1542 944 1593 ut
956 1535 1049 1594 noctis
1063 1535 1227 1594 interventu

178 1630 212 1686 17
222 1615 408 1677 scinderetur.
430 1615 550 1678 Postero
567 1614 613 1676 dle
631 1615 699 1676 dixit
713 1634 766 1696 pro
783 1615 872 1677 llario
889 1615 1268 1698 Salviusllberalis,vir15

221 1698 334 1761 subtilis
359 1699 515 1778 dispositus
543 1717 613 1760 accr
639 1699 777 1770 disertus;
808 1702 837 1760 in
857 1699 905 1760 illa
925 1719 996 1761 vero
1018 1720 1103 1763 causa
1124 1719 1225 1764 omnes

221 1793 298 1844 artes
319 1801 386 1846 suas
408 1782 535 1862 protulit.
567 1782 728 1862 Respondit
744 1781 896 1845 Cornelius
911 1783 1025 1847 'lucitus
1046 1785 1226 1864 eloquentis·

179 1874 213 1929 18
220 1869 291 1928 sime
307 1877 348 1945 et,
363 1867 440 1946 quod
455 1869 586 1928 eximium
601 1869 720 1928 orationi
734 1871 797 1931 eius
811 1871 896 1947 inest,
913 1869 1052 1949 σεμνοῖς.
1079 1868 1157 1930 Dixit
1170 1889 1226 1949 pro

219 1951 309 2012 llario
323 1969 421 2012 rursus
432 1949 539 2012 Fronto
555 1949 651 2013 Catius
662 1954 820 2032 insigniter,
838 1963 926 2032 utque
940 1954 994 2012 iam
1008 1953 1091 2014 locus
1106 1953 1157 2013 ille
1170 1971 1226 2033 po·
1309 2010 1310 2029 ,

220 2035 339 2113 scebat,
368 2033 433 2114 plus
452 2037 481 2094 in
503 2036 638 2114 precibus
659 2039 796 2116 temporis
818 2055 900 2115 quam
919 2038 947 2097 iu
968 2037 1135 2098 defensione
1154 2047 1269 2100 con-20

220 2120 348 2197 sumpsit.
372 2116 460 2179 lluius
477 2121 619 2180 actionem
638 2138 763 2200 vespera
783 2120 915 2197 inclusit,
941 2130 1110 2182 nontamen
1130 2123 1173 2183 sic
1195 2133 1226 2183 ut

220 2203 413 2281 abrumperet.
433 2202 531 2282 ltaque
542 2205 571 2263 in
587 2205 699 2264 tertium
714 2204 788 2265 diem
802 2205 987 2284 probationes
1003 2207 1143 2266 exierunt.
1165 2204 1226 2265 lam

219 2288 277 2348 hoc
290 2288 384 2365 ipsum
394 2286 542 2366 pulchrum
560 2297 589 2348 et
604 2289 757 2368 antiquum,
776 2298 904 2350 senatum
917 2297 1003 2350 nocte
1015 2289 1115 2366 dirimi,
1130 2289 1225 2349 triduo

178 2375 212 2433 19
221 2373 336 2449 vocari,
358 2370 451 2432 triduo
471 2373 617 2432 contineri.
640 2371 781 2434 Cornutus
796 2371 957 2450 Tertullus,
976 2372 1076 2434 consul
1092 2373 1226 2451 designa-

219 2466 282 2535 tus,
304 2457 348 2515 vir
370 2457 507 2534 egregius
521 2465 551 2516 et
565 2474 619 2535 pro
632 2459 752 2518 veritate
771 2458 964 2534 firmissimus,
987 2459 1098 2518 censuit
1116 2459 1268 2536 septin-aa

220 2550 306 2618 genta
328 2539 403 2601 milia
424 2558 497 2620 quac
517 2550 670 2621 acceperat
691 2541 797 2602 llarius
819 2543 928 2602 nemrio
947 2541 1110 2620 inferenda,
1133 2540 1224 2602 llario

130 2621 150 2656 ⁹
220 2624 291 2684 urbe
310 2623 447 2705 Italiaque
469 2625 710 2703 interdicendum,
734 2624 878 2686 llarciano
900 2626 955 2686 hoc
975 2625 1094 2706 amplius
1114 2625 1223 2686 Africa.

220 2707 253 2768 lu
267 2708 323 2767 llne
338 2711 496 2770 sententiae
511 2709 631 2788 adiecit,
652 2709 729 2788 quod
750 2728 807 2788 ego
824 2719 854 2770 et
871 2707 984 2770 Tacitus
999 2711 1123 2770 iniuncta
1137 2709 1225 2770 advo-

222 2793 333 2852 catione
348 2792 501 2870 diligenter
515 2802 544 2854 et
559 2793 672 2854 lortiter
686 2794 775 2854 iuncti
789 2811 937 2872 essemus,
952 2794 1079 2854 arbitrari
1095 2802 1223 2855 senatum

178 2877 258 2939 aona
272 2893 325 2936 nos
339 2876 448 2938 fecisse
462 2887 493 2937 ut
504 2877 618 2955 dignum
628 2876 763 2938 mandatis
774 2879 901 2956 partibus
912 2878 1007 2940 luerit.
1025 2877 1269 2947 Adsensemntao

222 2959 356 3022 consules
368 2959 519 3039 designati,
531 2979 630 3022 omnes
642 2962 726 3022 etiam
737 2961 903 3024 consulares
913 2979 1005 3042 usque
1017 2961 1225 3042 adl'ompeium

221 3042 386 3122 Collegam:
407 3044 458 3105 ille
481 3053 511 3105 et
530 3047 712 3124 septingenta
730 3045 805 3106 milia
821 3047 931 3107 aerario
944 3046 1092 3107 inferenda
1107 3055 1136 3107 et
1150 3045 1225 3106 llar-

221 3131 330 3190 ciauum
350 3131 379 3189 in
401 3131 621 3209 quinquennium
642 3128 844 3207 relegandum,
866 3129 983 3190 llariurn
1003 3129 1225 3209 repetundarum

177 3221 210 3273 al
220 3230 342 3291 poenae,
358 3230 440 3291 quam
454 3215 508 3273 iam
522 3231 625 3292 passus
641 3223 737 3292 esset,
758 3215 869 3275 censuit
883 3213 1107 3294 relinquendum.
1134 3213 1225 3276 Erant

219 3299 248 3356 iu
264 3307 383 3376 utruque
399 3298 540 3358 sententia
550 3296 639 3375 multi,
656 3298 781 3359 tonasss
796 3300 881 3360 etiam
894 3297 992 3378 plures
1006 3301 1034 3358 in
1048 3299 1101 3360 hac
1112 3298 1161 3358 vel
1175 3308 1268 3363 so·35

219 3379 322 3441 lutiore
336 3380 385 3442 vel
400 3379 541 3442 molliore.
567 3380 638 3443 Nam
652 3381 764 3460 quidam
778 3400 816 3443 ex
828 3381 885 3444 illis
901 3400 1016 3462 quoque
1033 3385 1080 3460 qui
1096 3379 1223 3443 Cornuto

218 3464 386 3525 videbantur
404 3465 519 3527 adsensi
538 3465 630 3544 huuc,
644 3468 691 3545 qui
704 3475 772 3546 post
784 3468 865 3545 ipsos
880 3477 1048 3544 censuerat,
1064 3466 1224 3545 sequeban-

176 3556 273 3610 natur.
296 3547 355 3610 Sed
371 3565 436 3609 eum
446 3550 528 3610 fleret
542 3549 695 3628 discessio,
707 3551 755 3630 qui
766 3549 847 3611 sellis
860 3549 1008 3612 consulum
1019 3550 1185 3612 adstiterunt
1196 3551 1225 3612 in
