2614 4104
181 295 246 359 23⁰
483 292 514 358 (l.
538 292 635 354 PblNl
655 291 704 352 ET
726 289 883 352 aarum

181 449 239 509 tiae
254 456 320 508 tuae
336 445 450 524 legibus
470 446 530 508 suis
549 447 644 508 utitur.
674 443 706 504 ln
725 445 779 508 beo
802 445 897 506 datum
915 445 983 506 mibi
999 444 1129 506 libellum
1151 444 1188 506 ad
1301 437 1302 441 ’

183 548 285 592 aranos
294 532 485 611 pertinentem
496 530 539 591 bis
548 528 651 592 litteris
660 529 782 606 subieci,
795 539 825 590 ut
834 539 875 608 tu,
887 530 1010 606 domine,
1022 529 1188 608 dispiceres

183 615 250 695 quid
267 624 297 675 ct
314 624 452 694 quatenus
468 623 515 674 aut
530 611 748 693 permittendum
766 621 814 672 aut
835 614 1042 691 prohibendum
1057 622 1185 691 putares.

405 799 415 814 .
549 744 651 808 xcuu.
669 743 810 825 [roura]

519 845 684 896 TRAIANUS
699 844 805 896 Ptmto
822 845 850 900 S.

245 947 409 1024 Amisenos,
423 964 543 1026 quornm
555 945 683 1008 libellum
697 945 837 1025 epistulae
853 956 918 1009 tuae
935 948 1086 1024 iunxeras,
1102 946 1128 1008 si
1144 945 1187 1006 le-

184 1032 270 1111 gibus
284 1033 419 1108 istorum,
441 1031 544 1109 quibus
565 1030 601 1090 de
616 1031 713 1092 oldoio
727 1031 856 1092 foederis
872 1040 998 1106 utuntur,
1013 1047 1188 1092 concessum

184 1125 230 1178 est
252 1131 366 1176 eranum
379 1113 505 1193 babere,
526 1131 680 1192 possumus
699 1132 756 1193 quo
777 1116 867 1174 minus
888 1114 1009 1176 babeant
1027 1131 1084 1174 non
1104 1114 1187 1192 inpe-

184 1197 257 1277 dire,
272 1215 308 1260 eo
323 1198 446 1276 facilins,
462 1200 486 1258 si
501 1197 548 1259 tali
564 1196 725 1258 conlatione
739 1215 796 1260 non
809 1197 844 1258 ad
856 1198 952 1259 turbas
968 1207 997 1258 et
1011 1196 1046 1257 ad
1060 1195 1186 1259 inlicitos
1195 1211 1232 1264 lo

184 1291 286 1345 coetus
300 1283 352 1342 sed
365 1282 400 1342 ad
414 1282 604 1344 sustinendam
619 1284 777 1342 tenuiorum
791 1282 914 1360 inopiam
934 1290 1057 1341 utuntur.
1090 1277 1121 1339 lu
1137 1299 1187 1343 ce·

184 1369 254 1429 teris
270 1367 449 1443 civitatibus,
470 1384 542 1446 quae
557 1376 656 1426 nostro
676 1367 738 1426 iure
752 1366 907 1426 obstrictae
922 1374 1002 1443 sunt,
1024 1383 1072 1425 res
1087 1363 1186 1426 buius·

181 1450 257 1511 modi
271 1448 445 1529 probibendo
460 1459 514 1510 est.

1195 795 1214 847 5

466 1577 470 1586 ·
558 1579 677 1643 xcuu.
698 1581 807 1665 [xes]

405 1682 433 1738 O.
451 1681 574 1734 PIlellS
592 1683 737 1758 bestamo
753 1683 960 1734 IMPERATORI.
1194 1627 1229 1680 15

158 1799 174 1850 1
247 1785 412 1846 Suetonium
425 1782 634 1863 Tranquillum,
655 1785 855 1862 probissimum
874 1784 1107 1845 honestissimum
1120 1802 1186 1844 eru·

183 1868 348 1930 ditissimum
362 1871 469 1946 virum,
485 1877 515 1929 et
526 1885 622 1928 mores
636 1869 698 1929 eius
711 1879 829 1930 secatus
844 1878 874 1928 et
888 1868 980 1929 studia
994 1869 1049 1928 iam
1063 1865 1185 1947 pridem,

184 1951 313 2028 domine,
341 1951 369 2010 in
391 1951 605 2013 contubeminm
625 1951 770 2032 adsumpsi
792 1961 928 2031 tantoque
950 1950 1041 2030 magis
1062 1950 1186 2028 diligere

157 2035 281 2113 accepi,
297 2044 400 2111 quanto
417 2034 492 2096 buno
507 2037 626 2114 propius
641 2038 763 2115 inspexi.
785 2036 858 2098 lluic
873 2039 916 2098 ius
932 2037 1015 2098 trium
1029 2034 1231 2096 liberorumne

182 2117 376 2178 necessarium
389 2118 494 2178 iaciunt
505 2117 577 2178 duae
592 2137 712 2180 causae:
727 2138 789 2180 nam
800 2130 831 2181 et
841 2120 1106 2183 iudiciaamicorum
1117 2135 1186 2197 pro-

182 2212 307 2263 meretur
321 2211 352 2262 et
363 2218 460 2279 parum
474 2201 544 2264 felix
557 2204 760 2264 matrimonium
771 2214 908 2284 expertus
919 2212 965 2266 est
975 2201 1185 2282 inpetrandnm·

184 2304 271 2366 quea
292 2285 416 2348 bonitate
430 2295 477 2346 tua
499 2304 552 2364 per
564 2304 618 2348 nos
630 2287 717 2348 babet
732 2287 808 2366 quod
823 2287 864 2348 illi
879 2288 1008 2350 iomanes
1023 2286 1185 2364 malignitas

156 2369 344 2450 odenegarit.
366 2371 445 2448 Soio,
459 2369 582 2448 domine,
599 2380 731 2449 quantum
745 2373 915 2434 beneficium
926 2382 1032 2450 petam,
1048 2369 1102 2432 sed
1114 2379 1185 2448 peto

182 2473 198 2515 a
212 2465 259 2532 te,
281 2457 362 2516 cuins
376 2457 405 2515 in
420 2454 548 2515 omnibus
568 2454 718 2516 desideriis
737 2457 808 2516 meis
823 2455 1023 2534 indulgentiam
1037 2457 1183 2533 experior.
1192 2460 1229 2510 xe

181 2537 269 2600 Potes
283 2541 357 2600 enim
372 2536 522 2616 colligere,
538 2548 642 2618 quanto
657 2556 748 2618 opere
762 2541 885 2618 cupiam,
901 2539 977 2620 quod
986 2556 1185 2618 nonrogarem

181 2621 298 2701 absens,
313 2625 338 2684 si
351 2622 536 2683 mediocriter
549 2640 694 2702 cuperem.

562 2753 649 2817 xcv.
671 2753 795 2835 [xcvm

513 2855 679 2907 TRAIANUS
697 2854 803 2906 PLINIO
820 2853 846 2904 S.
1190 2884 1229 2940 3⁰

244 2952 334 3028 Quam
357 2971 444 3034 parce
464 2955 537 3017 baec
556 2957 696 3018 beneficia
716 2959 835 3019 tribuam
851 2958 967 3036 utique,
990 2958 1028 3015 mi
1048 2955 1183 3016 Secunde

182 3038 344 3116 carissime,
365 3038 464 3100 haeret
485 3041 554 3119 tibi,
578 3059 642 3102 oum
657 3044 741 3102 etiam
755 3042 784 3102 in
798 3050 898 3102 senatu
913 3040 1059 3102 adfirmare
1073 3038 1185 3100 soleam

180 3142 237 3184 non
254 3123 419 3185 excessisse
434 3142 480 3184 me
491 3143 635 3184 numerum
651 3144 736 3206 quem
749 3125 824 3206 apud
839 3125 1041 3205 amplissimum
1056 3123 1185 3185 ordinem

180 3209 366 3270 suffecturum
385 3207 452 3269 mibi
475 3210 625 3289 professus
645 3229 722 3271 snm:
752 3220 802 3271 tuo
826 3218 922 3271 tamen
945 3207 1090 3269 desiderio
1115 3208 1186 3270 snb·

179 3295 283 3372 scripsi
303 3301 334 3354 et
347 3292 462 3356 dedisse
476 3311 522 3354 me
541 3294 585 3354 ius
600 3295 683 3354 trium
697 3293 850 3355 liberorum
864 3294 1003 3355 Suetonio
1017 3290 1184 3371 'li-anqnillo
1193 3303 1229 3358 bt

181 3395 215 3438 ea
229 3376 390 3438 conditione
405 3395 460 3457 qua
473 3376 592 3438 adsuevi
605 3377 706 3438 referri
723 3379 752 3438 in
773 3378 991 3439 commentarios
1005 3393 1087 3438 meos
1100 3377 1185 3439 iussi.
