2632 4102
200 299 243 362 30
627 295 660 358 Ο.
680 297 778 359 rtntt

201 462 231 514 et
246 450 329 511 nobis
344 449 500 528 invidebis,
523 451 573 511 tibi
586 453 705 512 maxima
721 449 821 527 laude,
843 449 927 511 nobis
941 450 1112 530 voluptate?
1138 453 1206 512 Sine
1306 513 1307 520 χ

200 554 254 616 per
267 527 318 596 ora
332 534 474 595 hominum
489 536 615 596 iurantur
623 535 772 615 isdemque
785 535 886 613 quibus
897 534 993 612 lingua
1003 535 1128 597 Romana
1140 554 1207 615 spa·

200 621 246 682 tiis
268 628 470 701 pervagentur.
503 617 605 696 blagna
625 629 655 680 et
676 621 731 678 iarn
749 618 836 696 longa
851 621 1014 697 expectatio
1032 629 1095 697 est,
1122 637 1207 699 quarn
1306 657 1307 664 .

175 704 328 769 aimstrari
348 702 441 763 adhuc
456 711 485 762 et
507 702 621 762 dilierre
642 720 698 762 non
716 700 815 764 debes.
844 701 1022 764 Enotuerunt
1039 704 1149 782 quidam
1163 707 1206 764 tui

198 807 301 850 versus
318 796 348 847 et
362 788 450 847 invito
466 795 495 846 te
512 785 636 847 claustra
649 803 701 847 sua
716 786 907 864 refregeruut.
937 786 997 848 llos
1012 789 1066 848 nisi
1082 787 1232 856 retrahis5

198 874 226 931 in
243 889 360 950 corpus,
376 869 546 950 quandoque
561 879 592 932 ut
612 887 730 932 errones
747 869 870 950 aliquem
887 872 968 932 cuius
983 870 1111 932 dicantur
1124 874 1206 932 inve-

174 958 285 1019 4nient.
314 953 394 1014 Habe
416 963 481 1014 unte
496 953 597 1016 oculos
612 952 828 1032 mortalitatem,
850 972 867 1014 a
882 972 937 1033 qua
951 953 1087 1017 adserere
1101 964 1131 1016 te
1146 955 1206 1016 boc

196 1055 258 1100 uno
270 1039 444 1098 monimento
466 1047 568 1116 potes:
590 1055 653 1098 nam
671 1047 768 1099 cetera
788 1038 898 1116 fragilia
915 1049 945 1098 et
961 1039 1068 1100 caduca
1080 1057 1138 1100 non
1152 1041 1205 1099 mi-

198 1141 251 1182 nus
267 1138 349 1200 quam
363 1122 418 1200 ipsi
435 1121 564 1182 homines
580 1122 714 1183 occidnut
729 1121 927 1202 desinuntque.
945 1122 1046 1200 Dices,
1062 1133 1093 1183 ut
1111 1121 1204 1201 solea,
1306 1117 1307 1122 ’

172 1207 292 1270 5‘amioi
303 1205 512 1268 meividerint’.
536 1204 611 1285 Opto
623 1205 756 1285 equidem
767 1207 874 1266 amicos
889 1205 1129 1286 tibitamiideles,
1146 1217 1205 1268 tam
1215 1224 1249 1276 lo
1306 1229 1307 1260 t

198 1290 337 1369 emditos,
352 1298 408 1350 tum
424 1289 597 1368 laboriosos,
611 1300 642 1349 ut
657 1299 762 1352 tantum
778 1307 864 1351 curae
877 1291 1099 1370 intentionisque
1111 1293 1206 1352 susci-

199 1393 271 1454 pere
289 1383 319 1435 et
336 1377 447 1454 possint
462 1382 492 1434 et
511 1373 619 1452 velint,
642 1374 695 1435 sed
710 1373 872 1454 dispicere
887 1375 924 1436 sit
939 1391 1038 1454 parum
1054 1375 1204 1455 providum
1306 1397 1307 1438 t

172 1469 317 1538 esperare
337 1476 375 1519 ex
394 1457 456 1519 aliis
473 1457 549 1537 quod
570 1458 621 1518 tibi
637 1460 700 1536 ipse
720 1476 778 1518 non
796 1468 936 1538 praestes.
967 1457 1006 1519 Et
1023 1458 1059 1519 de
1077 1459 1205 1520 editione

199 1543 314 1622 quidem
329 1543 484 1616 interim-ut
498 1540 598 1603 voles:
614 1543 704 1602 recita
720 1540 832 1621 saltem,
850 1561 907 1622 quo
918 1544 1008 1620 magis
1019 1543 1107 1604 libeat
1121 1545 1204 1604 emit·
1306 1591 1307 1626 ,

109 1665 110 1668 =
197 1637 278 1704 tere,
294 1636 382 1706 utque
398 1626 510 1687 undem
526 1627 669 1706 percipias
685 1625 833 1704 gandium,
851 1625 928 1706 qnod
944 1643 1002 1704 ego
1019 1625 1085 1687 olim
1103 1645 1156 1706 pro
1171 1637 1203 1688 te
1213 1639 1247 1694 15
1306 1641 1307 1704 ς

172 1719 252 1775 inon
267 1720 377 1772 temere
393 1727 555 1790 praesumo.
575 1709 718 1789 Imaginor
732 1711 807 1770 euim
822 1713 869 1790 qui
885 1728 1051 1789 concursus,
1068 1729 1141 1790 quae
1153 1711 1203 1772 ad·
1306 1745 1307 1760 .

197 1797 307 1856 miratio
320 1806 362 1874 te,
379 1797 426 1876 qni
438 1794 556 1874 clamor,
574 1795 649 1873 quod
665 1795 749 1856 etiarn
762 1793 906 1855 silentium
918 1805 1043 1865 mancat;
1060 1813 1117 1875 quo
1130 1813 1202 1874 ego,

198 1897 262 1940 oum
278 1881 342 1940 dico
359 1879 408 1940 vel
429 1881 539 1957 recito,
561 1896 618 1939 non
639 1880 730 1939 miuus
747 1895 830 1958 qnam
853 1878 977 1941 clamore
995 1878 1142 1958 delector,
1163 1881 1203 1942 sit
1306 1895 1307 1938 t

197 1964 281 2024 modo
297 1963 440 2024 silentium
454 1980 521 2024 acre
533 1972 562 2023 et
576 1965 713 2024 intentum
728 1972 758 2023 et
770 1963 902 2040 cupidum
913 1962 1047 2024 ulteriora
1058 1962 1200 2024 audiendi.

171 2047 259 2111 8Hoc
270 2047 365 2107 imctu
378 2055 467 2125 tanto,
483 2055 652 2128 temperato
668 2046 768 2107 desine
783 2047 874 2110 stndia
885 2055 933 2108 tua
943 2048 1047 2108 inlinita
1061 2049 1114 2110 ista
1130 2067 1199 2108 cun·
1210 2060 1247 2113 20

198 2132 320 2192 ctatione
336 2131 482 2201 fraudare;
501 2149 574 2210 quae
589 2149 653 2192 cum
667 2130 781 2190 modum
795 2130 921 2210 excedit,
937 2132 1092 2192 verendum
1107 2142 1153 2192 est
1163 2151 1202 2192 ue

196 2217 314 2276 inertiae
331 2224 361 2275 et
372 2214 498 2276 desidiae
513 2213 560 2275 vel
578 2217 662 2275 etiam
676 2216 831 2276 timiditatis
848 2233 952 2276 nomeu
966 2217 1096 2295 accipiat.
1117 2215 1200 2278 Vale.

668 2348 719 2410 Xl.

468 2449 495 2504 G.
514 2447 640 2501 PLINIUS
655 2450 802 2502 ARRIANO
822 2449 882 2502 SUO
899 2449 926 2504 S.
1208 2477 1244 2533 25

169 2562 188 2618 1
256 2551 338 2613 Solet
356 2570 423 2614 esse
439 2551 542 2629 gaudio
559 2552 626 2628 tibi,
641 2553 744 2630 siquid
760 2563 853 2614 actum
869 2561 914 2614 cst
929 2553 957 2610 iu
971 2560 1071 2612 senatu
1086 2550 1202 2628 dignum

195 2635 295 2698 ordine
315 2633 374 2696 illo.
408 2633 542 2708 Quamvis
564 2637 639 2696 enim
655 2638 759 2713 quietis
777 2653 873 2697 amore
898 2637 1073 2712 secesseris,
1096 2635 1202 2696 insidet

195 2729 289 2780 tamen
303 2721 395 2778 animo
412 2728 462 2780 tuo
483 2721 638 2780 maiestatis
652 2719 784 2799 publicae
801 2738 877 2782 cura.
908 2719 1022 2799 decipe
1036 2735 1107 2798 ergo
1123 2717 1202 2798 qnod

195 2821 249 2882 per
262 2802 316 2863 hos
333 2802 394 2864 dies
405 2811 499 2863 actum
512 2811 569 2882 est,
586 2820 728 2882 personae
739 2803 867 2866 claritate
882 2803 1031 2882 famosum,
1045 2805 1200 2866 severitate

168 2885 320 2967 texcmpli
337 2885 468 2965 salubre,
491 2889 534 2946 rei
555 2887 745 2965 magnitudine
768 2898 923 2964 aeternum.
956 2886 1061 2948 illarius
1083 2885 1244 2951 roseum

193 2971 394 3033 accusantibus
410 2970 498 3048 diris,
515 2971 616 3050 quibus
632 2971 816 3050 proconsule
830 2971 963 3053 praefuit,
979 2973 1085 3034 omissa
1099 2970 1199 3031 delan-

191 3056 277 3116 sione
291 3053 402 3116 iudices
414 3056 505 3134 petiit.
525 3054 590 3134 ligo
602 3065 631 3116 et
646 3054 797 3119 Cornelius
812 3056 944 3134 Tacitus,
964 3055 1068 3116 adesse
1082 3057 1198 3135 provin·

193 3137 313 3200 cialibus
327 3140 414 3218 iussi,
429 3141 649 3200 existimavimus
662 3141 729 3202 lidei
746 3150 861 3202 nostrae
874 3141 1027 3202 convenire
1041 3150 1138 3200 notum
1150 3157 1198 3200 se·

192 3225 268 3285 natui
289 3222 386 3284 lacere
407 3225 573 3286 excessisse
589 3222 715 3286 Priscum
730 3226 890 3286 inmanitate
906 3234 936 3286 et
950 3226 1067 3284 saevitia
1082 3224 1198 3286 crimina

193 3307 295 3386 quibus
311 3307 369 3367 dari
383 3307 493 3369 iudices
503 3317 634 3387 possent,
648 3326 712 3368 cnm
724 3309 761 3369 ob
772 3311 941 3370 innocentes
954 3307 1194 3385 condemnandos,
1204 3314 1240 3370 35

166 3391 405 3453 ainterfleieudos
428 3393 528 3470 etiam,
549 3393 686 3473 pecunias
706 3394 879 3472 accepisset.
914 3391 1075 3471 Respondit
1090 3389 1197 3452 Fronto

194 3471 291 3536 (iatius
311 3475 541 3556 deprecatusque
562 3485 607 3537 est
627 3494 664 3536 ue
687 3476 755 3555 quid
775 3477 847 3538 ultra
865 3475 1085 3555 repetundarum
1099 3473 1196 3552 legem

193 3567 390 3638 quaereretur,
408 3561 558 3639 omniaque
572 3561 692 3620 actionis
707 3579 776 3621 sarae
790 3560 867 3641 vela,
882 3562 927 3620 vir
941 3564 1142 3623 movendarum
1156 3557 1197 3620 la-
