2632 4102
386 307 701 372 1111111111111111.
721 323 748 374 1.
762 321 789 374 a.
1049 312 1091 378 23

85 473 114 526 et
130 465 216 526 stanti
230 464 295 543 ipso
309 462 439 542 pondere
460 461 576 542 clapsus
591 471 647 523 est.
681 461 763 523 llunc
778 461 843 522 dum
865 465 995 542 s'equitur
1010 465 1092 525 colli·

86 550 204 627 gitque,
219 546 353 626 perleve
368 556 398 607 et
412 545 552 606 lubricum
567 547 756 626 pavimentum
770 545 888 607 fallente
902 549 1027 626 vestigio
1043 568 1091 609 ce·

85 632 152 692 cidit
174 649 333 709 coxamque
354 631 459 707 fregit,
485 647 559 709 quae
575 647 674 710 parum
692 639 759 709 apte
776 628 919 691 collocata
932 629 1091 692 reluctante

48 764 52 771 .
83 724 177 776 aetate
198 713 272 776 male
294 715 371 774 coiit
406 713 495 776 Huius
515 715 568 775 viri
587 715 729 793 exequiae
748 731 879 792 magnum
899 724 1115 778 omamentumti

63 800 218 878 sprincipi,
237 815 369 876 maguum
382 796 518 876 saeculo,
534 816 664 875 magnum
680 799 764 859 ctiam
779 798 843 860 loro
859 807 888 858 et
902 801 1002 861 rostris
1018 808 1090 860 attu-

82 881 189 943 lerunt.
221 881 363 943 lauimus
377 890 423 943 est
438 900 456 943 1
477 881 597 944 consule
618 879 753 942 cornelio
769 881 884 943 Tacito:
903 901 967 943 nam
981 882 1028 942 bic
1042 902 1090 944 su·

83 983 201 1046 premas
216 965 347 1028 felicitati
362 967 424 1027 eius
436 964 566 1028 cumulus
582 967 724 1044 accessit,
743 965 872 1027 laudator
887 965 1091 1045 eloquentissi-

82 1067 155 1112 mus.
185 1049 225 1110 lit
238 1049 289 1110 ille
304 1048 418 1129 quidem
430 1048 533 1129 plenus
546 1051 625 1111 annis
637 1049 717 1127 abiit,
733 1050 838 1128 plenus
848 1050 1016 1128 bonoribus,
1032 1049 1114 1111 illis't

83 1137 169 1194 etiam
190 1150 265 1213 quos
283 1135 442 1195 recusavit:
458 1133 543 1195 nobie
565 1142 658 1194 tamen
675 1134 853 1212 quaerendus
872 1151 907 1194 ac
928 1133 1092 1196 desideran-

46 1218 135 1278 lodus
151 1228 198 1279 est
215 1227 246 1279 ut
262 1216 410 1296 exemplar
422 1218 486 1276 aevi
500 1218 620 1296 prioris,
640 1217 707 1275 mibi
721 1233 792 1277 vero
806 1219 978 1296 praecipue,
995 1221 1044 1296 qui
1058 1217 1091 1278 il·

82 1300 141 1360 lum
156 1317 217 1360 non
237 1299 329 1361 solum
344 1298 461 1380 publice
481 1309 614 1378 quantum
630 1299 785 1361 admirabar
804 1310 909 1361 tantum
924 1300 1090 1379 diligebam:

84 1387 207 1464 primum
229 1384 307 1462 quod
326 1385 438 1462 utrique
458 1384 558 1445 eadem
570 1385 678 1461 regio,
703 1381 858 1463 municipia
873 1385 1002 1461 linitima,
1030 1386 1116 1462 agriss

83 1471 169 1530 etiam
189 1469 452 1548 possessionesque
473 1471 659 1545 coniunctae,
684 1476 834 1546 praeterea
856 1469 934 1549 quod
953 1468 1004 1529 ille
1025 1468 1091 1528 mibi

83 1562 162 1614 tutor
174 1551 295 1614 relictus
314 1552 458 1612 adlectum
477 1553 603 1630 parentis
617 1551 754 1612 exhibuit.
788 1552 838 1613 Sic
855 1552 1031 1614 candidatum
1045 1570 1091 1613 me

46 1645 75 1698 15
84 1635 224 1714 sull'ragio
241 1637 365 1712 ornarit,
390 1636 433 1696 sic
453 1633 489 1695 ad
509 1651 608 1697 omnes
627 1634 753 1696 honores
766 1652 847 1698 meos
865 1655 903 1698 ex
924 1637 1090 1699 secessibus

84 1720 260 1798 accucurrit,
278 1736 342 1781 cum
356 1721 410 1780 iam
427 1719 536 1797 pridem
549 1718 689 1781 eiusmodi
705 1718 808 1781 officiis
822 1722 1032 1798 renuntiasset,
1047 1722 1090 1780 sic

85 1802 136 1862 illo
153 1804 201 1864 lie
225 1820 283 1882 quo
301 1800 469 1865 sacerdotes
488 1802 584 1865 solent
599 1805 744 1864 nominare
759 1819 832 1882 quos
848 1803 1030 1882 dignissimos
1047 1821 1091 1864 sa·

87 1886 219 1948 cerdotio
233 1887 357 1948 iudicant
371 1903 416 1946 me
433 1904 548 1964 semper
561 1887 729 1948 nominabat.
753 1886 827 1960 Quin
838 1888 921 1948 etiam
932 1889 960 1946 in
970 1886 1024 1948 bac
1038 1893 1117 1947 nob

86 1971 201 2032 tissima
222 1969 376 2032 valitudine
391 1971 500 2032 veritus
518 1988 556 2030 ne
576 1969 650 2032 lorte
665 1973 741 2032 inter
759 1973 962 2050 quinqueviros
978 1989 1091 2032 creare·

49 2063 146 2132 aotur,
168 2055 220 2133 qui
240 2053 397 2116 minuendis
418 2052 542 2132 publicis
562 2055 721 2133 sumptibus
735 2054 839 2115 iudicio
856 2065 971 2116 senatus
986 2055 1091 2117 consti·

88 2138 250 2215 tuebantur,
268 2155 332 2199 cum
343 2137 385 2197 illi
398 2145 441 2199 tot
455 2139 537 2198 amici
552 2156 639 2200 senes
652 2137 876 2219 consularesque
890 2148 1090 2219 superessent,

87 2238 130 2280 me
145 2221 230 2282 buius
244 2223 345 2284 aetatis
361 2239 515 2301 perquem
530 2232 717 2283 excusaretur
727 2222 828 2302 elegit,
843 2222 887 2285 lais
902 2221 1016 2300 quidem
1026 2241 1091 2282 ver·

87 2302 129 2364 bis
145 2307 245 2366 ‘etiam
258 2307 283 2366 si
298 2304 384 2366 lilium
397 2304 547 2383 haberem,
563 2307 614 2368 tibi
628 2306 809 2368 mandarem!
843 2305 953 2379 Quibus
970 2325 1008 2367 ex
1025 2323 1090 2366 cau·
1101 2309 1134 2360 lo

89 2389 128 2448 sis
147 2407 272 2452 necesse
292 2399 338 2451 est
358 2399 498 2468 tamquam
517 2391 680 2451 inmaturam
699 2399 819 2450 mortem
841 2391 904 2451 cius
918 2391 946 2449 in
961 2391 1023 2451 sinn
1040 2397 1089 2448 tuo

52 2469 225 2542 tolcbeam
240 2475 265 2534 si
279 2483 373 2534 umen
386 2474 430 2535 ias
444 2483 490 2534 est
502 2483 550 2533 aut
565 2473 636 2534 llere
649 2482 697 2534 aut
711 2474 824 2534 omnino
837 2483 957 2533 mortem
972 2489 1089 2550 vocare,

92 2573 144 2632 qua
158 2557 228 2617 tanti
240 2558 294 2616 viri
306 2555 461 2618 mortalitas
476 2559 566 2635 magis
581 2557 657 2617 linita
671 2563 754 2635 quam
767 2557 824 2616 rita
838 2565 894 2617 cst.
925 2555 1002 2616 Vivit
1017 2557 1092 2616 enim
1102 2558 1132 2609 11

91 2639 225 2719 vivetque
246 2658 362 2720 semper
383 2651 468 2720 atque
488 2642 572 2701 etiam
590 2640 674 2702 latius
691 2641 720 2700 in
741 2641 878 2701 memoria
900 2639 1043 2700 hominum
1063 2647 1092 2700 et

92 2739 223 2784 sermone
238 2724 414 2802 versabitur,
437 2733 590 2803 postquam
609 2724 645 2784 ab
660 2721 752 2784 ocubs
772 2725 905 2786 recessit.
940 2722 1026 2784 Volui
1040 2723 1092 2784 tibi
1102 2723 1135 2776 la

93 2806 175 2868 multa
196 2805 252 2869 alia
270 2808 419 2886 scribere,
440 2807 493 2869 sed
511 2817 589 2869 totus
605 2809 714 2868 ammas
733 2809 762 2868 in
777 2806 833 2869 bac
848 2825 903 2868 una
918 2806 1092 2887 contempla-

57 2890 166 2952 totione
181 2891 294 2954 defixus
305 2902 360 2953 est.
387 2891 552 2970 Verginium
567 2893 682 2970 cogito,
695 2890 861 2970 Verginium
873 2892 975 2970 video,
991 2891 1093 2970 Vergi-

95 2973 165 3033 nium
178 2977 234 3035 iam
247 2977 327 3037 vanis
342 2975 522 3054 imaginibus,
538 2976 705 3036 recentibus
717 2984 824 3054 tamen,
835 2977 930 3055 audio,
941 2975 1092 3055 adloquor,

94 3063 190 3128 teneo;
210 3061 256 3119 cni
272 3059 395 3122 fortasse
411 3061 491 3121 cives
508 3059 621 3139 aliquos
639 3060 790 3121 virtutibus
809 3078 895 3140 pares
910 3069 940 3120 et
955 3059 1092 3120 babemus

96 3147 123 3198 et
134 3139 310 3222 babebimus,
328 3141 420 3222 gloria
432 3145 582 3205 neminem.
614 3141 696 3204 Vale.

570 3275 607 3338 11.

62 3309 91 3365 ³⁵
364 3376 392 3434 c.
409 3376 535 3430 nmmos
551 3376 692 3430 anunmo
710 3375 771 3430 suo
787 3375 814 3430 1.

154 3473 282 3556 lrascor,
307 3497 363 3539 nec
383 3477 474 3558 liquet
494 3479 560 3539 mibi
580 3497 616 3541 aa
640 3479 776 3554 debeam,
803 3474 857 3537 sel
874 3476 992 3535 irascor.
1027 3475 1116 3538 Scisl

100 3573 175 3634 quam
190 3563 227 3622 sit
242 3579 321 3623 amor
336 3564 448 3643 iniquus
463 3563 619 3640 interdum,
635 3564 769 3641 inpotens
781 3577 887 3639 saepe,
909 3559 1094 3639 μικραίτιος
