2632 4102
398 305 661 367 EPISTULARUM
675 307 697 368 Ι.
717 318 761 371 bl.
1043 308 1084 373 19

81 456 143 520 Non
157 460 231 520 enim
251 467 391 537 amputata
411 458 501 518 oratio
521 466 550 518 et
567 459 681 520 abscisa
701 459 754 519 scd
768 459 824 519 lata
842 468 873 519 et
892 461 1040 538 magnifica
1054 471 1084 523 et

82 542 197 604 excelsa
215 551 310 620 tanat,
330 541 473 620 lulgnrat,
494 543 587 603 omnia
608 543 731 622 denique
750 544 897 622 perturbat
918 561 952 603 ac
971 547 1082 607 miscet.

82 626 208 705 Optimus
227 635 321 686 tamen
344 625 445 687 modus
464 633 518 686 est.
557 624 628 699 Quis
647 623 755 704 negati
779 626 832 687 sed
851 645 908 686 non
922 629 1013 689 minus
1027 641 1126 695 uculo

80 719 174 771 servat
193 708 307 771 madum
330 710 378 788 qui
397 708 470 770 infra
488 726 550 770 rem
568 727 651 788 quarn
667 713 714 789 qni
728 728 831 790 supra,
859 711 907 789 qui
921 710 1083 774 adstrictius

57 801 160 872 aquarn
177 794 226 872 qui
241 793 360 854 edusius
382 791 459 854 dicit.
492 791 592 872 ltaque
612 792 692 855 audis
706 794 874 874 frequenter
887 804 919 855 ut
932 794 1002 855 illud
1019 796 1122 860 ‘im-21

78 877 190 938 medice
211 886 242 938 et
262 877 464 938 redundanter'
479 878 518 937 ita
538 875 595 938 boc
610 878 717 938 ‘ieiune
731 887 762 938 et
774 880 906 940 intirma’.
934 878 1016 941 Alius
1032 898 1082 942 ex-

79 963 207 1022 cessisse
221 962 376 1038 materiam,
390 959 463 1022 allns
478 959 581 1021 dicitur
595 977 652 1021 ncn
667 961 806 1041 inplessc.
828 962 932 1042 Aeque
947 972 1080 1043 uterque,

78 1044 130 1106 sed
142 1044 196 1106 ille
211 1041 416 1122 inbccillitate,
431 1044 478 1105 bic
494 1045 601 1106 viribus
614 1055 731 1125 peccat3
752 1045 829 1124 quad
848 1055 939 1126 certe,
956 1049 1012 1109 etsi
1025 1066 1082 1108 non

76 1129 235 1206 limatioris,
246 1130 359 1189 maioris
371 1129 580 1206 tameningenii
589 1131 687 1189 m'tium
698 1139 753 1191 est.
768 1128 831 1190 Nec
841 1148 924 1210 vero,
936 1149 1000 1193 cum
1009 1130 1124 1196 bacam

43 1214 153 1292 ludica,
171 1211 252 1272 illum
265 1211 446 1273 Homericum
459 1203 647 1293 ἀμειροειιῆ
662 1215 773 1292 probo,
788 1213 842 1275 scd
855 1212 930 1275 bunc

215 1292 270 1357 καὶ
282 1293 363 1358 ἔπεα
374 1289 577 1376 νιφάδεσσιν
586 1291 718 1358 ἐοικότα
729 1297 947 1379 χειμερίῃσιν·

77 1400 132 1443 non
149 1382 218 1461 quia
232 1398 289 1441 non
303 1390 333 1443 ct
346 1379 397 1441 ille
406 1381 478 1454 ⁴mibi
494 1379 669 1464 validissime
685 1381 810 1462 placcat,

217 1457 511 1544 susceptacula
527 1459 614 1544 μάλα
625 1462 759 1544 λιγέως·
854 1539 860 1550 .

77 1551 100 1611 si
112 1559 212 1612 tamen
226 1547 309 1610 detur
322 1548 447 1626 electio,
463 1549 539 1610 illam
556 1552 711 1610 oraticnem
726 1549 848 1612 similem
861 1550 972 1611 nivibus
987 1549 1082 1610 biber·
1169 1613 1171 1620 ,

39 1641 68 1692 15
75 1636 135 1713 nis,
155 1634 186 1695 id
208 1643 253 1695 est
269 1633 398 1694 crebram
414 1643 444 1694 et
458 1633 602 1694 adsiduam
615 1644 645 1695 et
660 1635 783 1713 largam,
798 1643 945 1713 postremo
961 1633 1081 1694 divinam

76 1727 105 1779 et
120 1717 297 1796 caelestem,
312 1717 390 1777 volo.
423 1716 528 1778 Adest
542 1718 757 1797 gratiormultis
772 1717 980 1779 uraticbrevis.
1016 1716 1080 1794 Est,
1089 1723 1123 1778 23

76 1800 128 1863 sed
141 1802 301 1880 inertibus,
322 1818 440 1881 moram
454 1800 572 1864 delicias
585 1802 777 1882 desidiamque
794 1803 874 1881 quasi
887 1799 1020 1861 iudicium
1036 1819 1081 1860 re·

77 1887 192 1962 spicere
208 1883 357 1946 ridiculum
372 1895 428 1946 est.
448 1883 519 1946 Nam
533 1887 558 1947 si
575 1886 629 1948 bos
646 1888 675 1946 in
689 1885 810 1947 consilio
824 1886 942 1963 habeas,
960 1902 1017 1945 non
1034 1902 1081 1946 sc·

77 1968 133 2029 lum
154 1970 245 2032 satius
266 1978 311 2031 est
330 1969 457 2031 breuiter
471 1969 569 2031 dicere
590 1971 642 2032 sad
656 1973 769 2032 omnino
786 1988 844 2031 non
858 1969 965 2031 dicare.
1002 1967 1122 2030 Haectl

41 2061 121 2113 locst
134 2053 230 2114 adbuc
244 2055 384 2114 sententia
397 2071 472 2132 mcc,
489 2071 571 2132 quam
584 2055 715 2133 mutabo,
737 2056 761 2116 si
777 2054 949 2116 dissenseris
963 2061 1010 2132 tu,
1029 2053 1082 2114 scd

78 2135 159 2216 plane
176 2155 231 2198 cur
246 2137 397 2200 dissentias
408 2137 540 2217 explices
553 2156 637 2217 rogo.
670 2137 806 2212 Quamvis
822 2140 896 2200 enim
912 2136 1018 2198 cedere
1033 2155 1082 2197 an·

79 2222 201 2283 ctoritati
212 2231 277 2282 tuae
291 2221 420 2300 debeam,
434 2224 543 2284 rectius
554 2231 646 2283 tamen
661 2223 782 2285 arbitror
795 2224 824 2284 in
835 2230 911 2283 tanta
925 2239 958 2281 re
972 2223 1081 2282 ratione

79 2323 160 2384 quana
173 2307 343 2366 auctoritate
358 2307 496 2384 superari.
529 2305 650 2368 Pucinde
672 2309 696 2367 ai
717 2325 775 2368 non
794 2325 890 2369 errare
913 2304 1032 2382 videor,
1051 2303 1080 2362 id
1088 2308 1123 2360 25

79 2389 170 2467 ipsum
185 2407 270 2469 quam
281 2388 365 2452 veles
380 2391 460 2452 brari
474 2391 598 2469 epistula
612 2390 665 2452 sed
685 2400 779 2452 tamen
800 2391 895 2452 scribe
918 2389 1081 2467 (confirma-

43 2471 121 2533 utre
136 2476 212 2534 euim
226 2472 358 2534 indicium
372 2474 499 2554 meum);
520 2476 544 2535 si
558 2493 671 2552 errare,
693 2473 887 2553 longissimam
903 2489 978 2548 para.
1008 2469 1082 2530 Num

81 2559 194 2637 corrupi
208 2566 250 2636 tc,
265 2559 312 2638 qui
327 2559 388 2636 tibi,
406 2559 431 2620 si
444 2556 511 2618 mibi
525 2559 695 2637 accederes,
710 2559 806 2619 brevis
822 2554 961 2637 epistulae
978 2572 1081 2615 neces·

81 2641 201 2720 citatem,
215 2642 239 2702 si
254 2641 432 2721 dissentires,
449 2641 633 2722 longissimae
647 2640 781 2721 inposui?
808 2639 890 2702 Vale.

46 2890 76 2945 30
288 2873 316 2928 c.
335 2873 462 2926 rurums
478 2776 750 2926 nnnnidd'nnnno
770 2871 829 2924 suo
850 2871 878 2927 a.

140 2973 179 3034 Ut
197 2976 281 3035 animi
304 2975 346 3036 tui
364 2975 470 3036 iudicio
492 2977 535 3038 sic
555 2976 704 3037 oculorum
723 2976 871 3056 plurimum
892 2975 1000 3045 tribu0;
1027 2986 1106 3036 noul

85 3057 144 3132 quia
161 3059 296 3138 multum,
316 3077 354 3120 na
371 3059 421 3120 tibi
443 3060 577 3140 placeas,
599 3059 652 3121 sed
667 3061 733 3140 quia
749 3069 855 3121 tantum
876 3069 1009 3138 quantum
1024 3074 1081 3135 ego

85 3141 170 3219 sapis:
188 3161 355 3223 quamquam
367 3144 424 3204 hcc
440 3162 555 3224 quoque
566 3143 684 3206 multum
698 3154 753 3206 est.
776 3142 896 3204 Omissis
910 3144 983 3203 iocis
994 3141 1105 3202 credet

85 3220 217 3288 decentes
235 3245 303 3289 esse
317 3245 419 3289 servos
435 3230 483 3308 qui
499 3237 564 3289 sunt
579 3231 666 3307 empti
679 3229 746 3289 mibi
762 3247 800 3290 ex
816 3226 936 3288 consilio
950 3235 1016 3286 tuo:
1035 3243 1082 3285 su·

51 3309 179 3384 depereat
194 3319 223 3372 ut
238 3311 313 3390 frugi
329 3312 401 3391 sint,
425 3312 502 3392 quod
521 3311 558 3373 de
578 3313 727 3374 venalibus
746 3311 848 3372 melius
869 3311 983 3370 auribus
999 3325 1081 3388 quam

86 3391 171 3454 ccnlis
184 3393 331 3458 iudicatur.
366 3395 448 3458 Vale.

870 3643 918 3703 2*
