2616 4096
234 275 295 342 182
544 337 547 340 ,
660 270 694 332 G.
716 268 813 333 PLINI

231 438 326 491 natum
345 435 374 488 ut
394 427 563 487 nominatum
583 422 738 485 defendunt
754 425 918 502 crimenque
934 424 1014 502 quasi
1029 424 1056 482 in
1076 421 1168 482 medio
1187 441 1224 481 re·

190 519 225 574 14
233 513 331 575 lictum
347 510 514 572 defensione
530 509 697 587 suscipiunt.
720 506 801 580 Quae
819 517 970 585 praeterea
984 506 1105 567 dixerint
1122 515 1226 566 nonest

233 614 357 657 neeesse
380 611 508 661 narrare;
531 591 658 652 inlibris
679 590 777 652 habes.
810 590 879 650 Sum
897 592 971 652 enirn
986 599 1088 652 cuneta
1110 591 1226 668 ipsomn

191 691 223 742 15
234 681 331 741 verbis
352 686 533 757 persecutus.
564 675 669 736 Dicunt
684 685 782 736 eontra
795 674 914 736 Amulius
930 674 1067 749 Quietus,
1093 671 1225 734 Cornutus

233 762 388 824 Tertullus.
408 760 539 837 Quietus,
556 761 760 838 iniquissimum
776 777 844 820 esse
860 757 1004 837 querellas
1019 756 1175 818 dolentium
1185 753 1243 817 er·5

234 847 327 923 eludi,
356 845 481 922 ideoque
500 843 600 904 Arriae
618 853 647 904 et
667 841 790 903 Fanniae
811 845 854 902 ius
876 841 1013 921 querendi
1033 859 1090 902 non
1106 841 1228 901 auferen-

233 930 314 1006 dum,
335 947 391 988 nec
409 929 549 988 interesse
571 929 650 987 cuius
667 926 773 987 ordinis
791 928 854 1004 quis
875 928 928 1002 sit,
951 925 1003 986 sed
1021 944 1104 1005 qnam
1125 941 1228 986 causan

191 1014 345 1076 schabest.
369 1009 522 1089 Gomutus,
536 1010 628 1072 datum
642 1029 674 1071 se
688 1029 704 1070 a
719 1009 883 1070 oonsulibus
898 1019 1022 1071 tutorem
1036 1008 1150 1070 llelridi
1165 1008 1228 1068 iliae

233 1095 397 1177 petentibus
413 1105 501 1156 matre
518 1096 580 1156 eius
599 1103 628 1154 et
644 1095 761 1155 vitrico:
786 1112 861 1153 nnnc
882 1110 996 1173 qnoque
1018 1111 1076 1154 non
1096 1095 1228 1153 sustinere

233 1180 370 1240 deserere
386 1178 474 1239 oflicii
490 1179 533 1238 sui
547 1187 661 1258 partes,
682 1180 710 1237 in
726 1195 782 1256 quo
798 1188 892 1239 mmen
907 1187 935 1238 et
947 1195 1000 1237 suo
1018 1176 1112 1237 dolori
1127 1175 1258 1236 modumlt

233 1266 371 1342 inponere
386 1273 415 1324 et
430 1264 595 1342 optimamm
610 1261 773 1322 feminarum
789 1261 920 1340 perferre
936 1261 1176 1322 modestissimum
1188 1257 1228 1318 al-

233 1347 353 1416 lectum;
382 1365 451 1425 quas
474 1356 621 1407 contentas
638 1363 705 1406 esse
719 1344 872 1406 admonere
890 1355 1017 1406 senatum
1031 1344 1144 1405 Publici
1161 1341 1229 1404 Genti

234 1441 368 1492 eruentae
385 1429 551 1490 adulationis
568 1439 597 1490 et
612 1439 730 1508 petere,
756 1431 781 1488 si
794 1447 888 1507 poena
904 1429 1001 1507 flagitii
1018 1425 1229 1490 manifestissimi

193 1523 225 1579 17
235 1517 402 1591 remittatur,
418 1523 485 1574 nota
500 1521 580 1572 certe
593 1515 673 1591 quasi
687 1515 818 1574 censoria
831 1515 965 1573 inuratur.
987 1510 1058 1572 Tum
1064 1512 1174 1574 Satrius
1180 1510 1229 1570 llu-

233 1598 280 1658 ius
293 1598 388 1660 medio
402 1596 590 1676 ambiguoque
610 1614 741 1657 sermone
757 1602 852 1676 ‘puto’
868 1596 965 1676 inquid
981 1598 1123 1656 ‘iniuriam
1137 1596 1257 1656 iactauit

233 1681 362 1744 Publicio
375 1680 473 1758 Certo,
490 1683 582 1741 sinon
600 1679 772 1741 absolvitur:
792 1683 950 1741 nominatus
965 1691 1011 1742 est
1025 1680 1061 1739 ab
1074 1680 1175 1740 amicis
1186 1678 1229 1736 lr-

233 1769 293 1826 riae
304 1765 472 1844 etianniae,
485 1767 642 1825 nominatus
654 1765 691 1825 ab
704 1767 802 1826 amicis
815 1767 884 1826 suis.
895 1764 959 1824 Nee
972 1763 1110 1824 debemus
1125 1761 1228 1824 solliciti

234 1867 316 1918 esse;
331 1849 405 1909 idem
417 1851 491 1909 enim
505 1868 570 1927 nos,
588 1851 636 1928 qui
653 1849 727 1908 bene
740 1850 876 1910 sentimus
894 1849 930 1908 te
944 1848 1069 1924 homine,
1088 1855 1120 1907 et
1135 1846 1228 1907 iudiea-

234 1935 288 1994 turi
304 1950 416 1994 sumus:
432 1934 455 1993 si
468 1934 605 1994 innocens
620 1942 677 2010 est,
693 1935 768 1993 sicut
785 1950 873 2011 spero
889 1941 918 1992 et
934 1931 1020 2011 malo,
1036 1941 1064 1990 et
1082 1930 1176 1991 donec
1188 1928 1229 2028 ψ’·

192 2018 226 2072 18
236 2015 302 2095 quid
317 2014 465 2094 probetur,
483 2015 581 2093 eredo,
598 2019 729 2094 poteritis
741 2016 917 2077 absolvere!
936 2015 1017 2076 Haec
1027 2013 1079 2092 illi,
1093 2032 1153 2093 quo
1164 2012 1258 2092 quis-ll

208 2102 212 2108 '
235 2117 291 2177 que
307 2098 405 2159 ordine
423 2099 587 2160 citabantur.
617 2099 736 2161 Venitur
752 2099 787 2159 ad
801 2118 862 2160 me:
888 2117 1048 2177 consurgo,
1074 2107 1141 2159 ntor
1160 2097 1229 2156 initio

235 2182 312 2262 quod
326 2184 354 2242 in
364 2181 438 2242 libro
451 2192 512 2260 est,
535 2183 699 2262 respondeo
715 2183 843 2260 singulis.
875 2182 977 2242 blirum
993 2200 1048 2262 qua
1068 2183 1229 2254 intentione,

235 2267 337 2346 quibus
359 2266 527 2327 elamoribus
550 2270 641 2327 omnia
667 2269 834 2346 exceperint
857 2269 904 2346 qni
927 2266 1012 2326 modo
1037 2265 1228 2327 reclamabant

234 2350 322 2413 'lanta
341 2353 491 2412 conversio
513 2351 560 2412 vel
577 2353 685 2430 negotii
706 2349 869 2429 dignitatern
888 2349 937 2411 vel
952 2359 1122 2427 proventum
1137 2349 1230 2410 oratio·

192 2439 225 2498 19
234 2438 278 2496 nis
293 2435 341 2496 rel
360 2437 466 2496 actoris
487 2437 671 2496 constantiam
691 2435 845 2496 subsecuta
867 2444 921 2495 est.
954 2433 1049 2495 Filio:
1070 2435 1171 2512 incipit
1192 2435 1259 2489 re-it

234 2520 378 2600 spondere
390 2518 526 2580 Veiento:
542 2537 625 2579 nemo
636 2519 754 2598 patitur:
771 2519 946 2593 obturbatur,
963 2519 1150 2597 obstrepitur,
1165 2515 1229 2574 adeo

234 2603 349 2682 quidem
364 2612 394 2664 ut
406 2602 516 2664 diceret
532 2607 632 2682 trogo,
650 2612 747 2682 patres
764 2604 936 2681 conscripti,
956 2619 1054 2662 neme
1070 2603 1181 2679 cogatis
1195 2600 1229 2657 in·

234 2688 348 2765 plorare
363 2688 495 2746 auxilinm
510 2687 707 2747 tribunorum?
727 2685 764 2746 Et
775 2688 869 2747 statim
884 2684 1002 2746 blurena
1017 2686 1146 2745 tribunus
1160 2690 1228 2762 ‘per-

233 2773 313 2830 mitto
327 2771 390 2847 tibi,
405 2773 448 2830 vir
464 2770 619 2831 clarissime
633 2769 764 2846 Veiento,
781 2769 901 2830 dicere?
924 2768 1003 2830 'lune
1017 2785 1132 2847 quoquo
1146 2765 1228 2828 recla-

191 2862 330 2919 aomatur.
357 2850 435 2914 lnter
448 2871 540 2914 moras
554 2854 654 2915 consul
674 2856 765 2914 citatis
779 2855 936 2913 nominibus
952 2863 982 2913 et
999 2862 1115 2931 peraeta
1130 2848 1259 2912 disces-3⁰

234 2940 315 2998 sione
330 2937 413 2996 mittit
432 2945 560 2998 senatum
580 2956 614 2998 ac
636 2955 726 3016 paene
748 2937 839 2998 adbuc
861 2946 981 2998 stantem
994 2945 1228 3014 temptantemque

234 3021 330 3082 dicere
344 3018 532 3081 Veientonem
546 3021 669 3100 reliquit.
700 3020 819 3081 Multum
840 3019 891 3082 ille
909 3021 945 3080 de
961 3019 1015 3080 hac
1031 3020 1084 3099 (ita
1099 3014 1228 3090 vocabat)

235 3103 405 3166 contumelia
419 3114 537 3184 questus
552 3115 596 3166 est
610 3102 761 3167 Homerico
776 3123 862 3164 versu

339 3174 487 3268 uiys'pov,
502 3175 525 3268 ἦ
536 3183 625 3267 μάλα
635 3183 677 3266 δή
689 3201 727 3248 σε
737 3185 808 3248 νέοι
822 3186 970 3266 τείρουσι
983 3186 1131 3266 μαχηταί.

191 3284 224 3336 21
233 3273 298 3333 Non
311 3273 374 3334 iere
386 3275 533 3352 quisquam
548 3274 576 3333 in
593 3281 692 3332 senatu
709 3273 759 3333 iuit
781 3274 828 3350 qui
850 3289 906 3331 non
922 3288 968 3330 me
983 3269 1259 3348 complecteretur,bt

234 3355 451 3416 exoscularetur
471 3358 655 3434 certatimque
671 3355 754 3416 laude
770 3355 940 3430 cumularet,
959 3353 1036 3434 qnod
1048 3355 1229 3414 intermissum

235 3440 350 3500 iamdiu
367 3456 476 3499 morem
494 3441 523 3498 in
544 3439 689 3516 publicum
705 3438 872 3500 consulendi
891 3441 1036 3517 susceptis
1054 3439 1175 3516 propriis
1194 3433 1227 3494 si·

234 3520 398 3581 multatibus
415 3520 609 3598 retinuissem,
629 3521 704 3600 qnod
720 3521 843 3600 deniqne
858 3531 987 3583 senatum
1001 3519 1103 3581 invidia
1117 3520 1227 3580 liberas·
