<?xml version="1.0" encoding="UTF-8"?>
<!DOCTYPE html PUBLIC "-//W3C//DTD XHTML 1.0 Transitional//EN"
    "http://www.w3.org/TR/xhtml1/DTD/xhtml1-transitional.dtd">
<html xmlns="http://www.w3.org/1999/xhtml" xml:lang="en" lang="en">
 <head>
  <title>
</title>
<meta http-equiv="Content-Type" content="text/html;charset=utf-8" />
  <meta name='ocr-system' content='tesseract 3.04.00' />
  <meta name='ocr-capabilities' content='ocr_page ocr_carea ocr_par ocr_line ocrx_word'/>
</head>
<body>
  <div class='ocr_page' id='page_1' title='image "./epistularumlibr00plingoog_0062.png"; bbox 0 0 2632 4102; ppageno 0'>
   <div class='ocr_carea' id='block_1_1' title="bbox 313 221 1100 326">
    <p class='ocr_par' dir='ltr' id='par_1_1' title="bbox 313 221 1100 326">
     <span class='ocr_line' id='line_1_1' title="bbox 313 221 1100 326; baseline 0.003 -2"><span class='ocrx_word' id='word_1_1' title='bbox 313 221 316 234; x_wconf 81' lang='grc'><strong>’</strong></span> <span class='ocrx_word' id='word_1_2' title='bbox 383 259 646 324; x_wconf 79' lang='lat' dir='ltr'>urrsrunnauu</span> <span class='ocrx_word' id='word_1_3' title='bbox 660 261 698 323; x_wconf 90' lang='grc' dir='ltr'>ιι.</span> <span class='ocrx_word' id='word_1_4' title='bbox 720 270 762 325; x_wconf 80' lang='lat' dir='ltr'>ra.</span> <span class='ocrx_word' id='word_1_5' title='bbox 779 271 821 325; x_wconf 83' lang='lat'>14.</span> <span class='ocrx_word' id='word_1_6' title='bbox 1059 260 1100 326; x_wconf 81' lang='lat'>35</span> 
     </span>
    </p>
   </div>
   <div class='ocr_carea' id='block_1_2' title="bbox 76 391 1140 1162">
    <p class='ocr_par' dir='ltr' id='par_1_2' title="bbox 76 391 1140 1162">
     <span class='ocr_line' id='line_1_2' title="bbox 100 391 1102 495; baseline 0.001 -20"><span class='ocrx_word' id='word_1_7' title='bbox 100 414 209 494; x_wconf 87' lang='lat' dir='ltr'>qualis,</span> <span class='ocrx_word' id='word_1_8' title='bbox 234 431 314 492; x_wconf 89' lang='lat' dir='ltr'>quam</span> <span class='ocrx_word' id='word_1_9' title='bbox 329 413 467 492; x_wconf 91' lang='lat' dir='ltr'>probatus</span> <span class='ocrx_word' id='word_1_10' title='bbox 482 432 621 493; x_wconf 88' lang='lat' dir='ltr'>carusque</span> <span class='ocrx_word' id='word_1_11' title='bbox 639 416 676 474; x_wconf 90' lang='lat' dir='ltr'>sit</span> <span class='ocrx_word' id='word_1_12' title='bbox 690 415 791 492; x_wconf 85' lang='lat' dir='ltr'>nobis,</span> <span class='ocrx_word' id='word_1_13' title='bbox 808 431 891 493; x_wconf 88' lang='lat' dir='ltr'>quem</span> <span class='ocrx_word' id='word_1_14' title='bbox 905 391 978 492; x_wconf 75' lang='lat' dir='ltr'>rbgo</span> <span class='ocrx_word' id='word_1_15' title='bbox 992 432 1045 495; x_wconf 89' lang='lat' dir='ltr'>pro</span> <span class='ocrx_word' id='word_1_16' title='bbox 1060 415 1102 476; x_wconf 91' lang='lat' dir='ltr'>in-</span> 
     </span>
     <span class='ocr_line' id='line_1_3' title="bbox 99 496 1102 577; baseline 0.001 -19"><span class='ocrx_word' id='word_1_17' title='bbox 99 499 197 577; x_wconf 77' lang='lat' dir='ltr'>genio,</span> <span class='ocrx_word' id='word_1_18' title='bbox 214 514 269 576; x_wconf 78' lang='lat' dir='ltr'>Pro</span> <span class='ocrx_word' id='word_1_19' title='bbox 284 496 396 558; x_wconf 78' lang='lat' dir='ltr'>somnne</span> <span class='ocrx_word' id='word_1_20' title='bbox 409 506 456 558; x_wconf 92' lang='lat' dir='ltr'>tua</span> <span class='ocrx_word' id='word_1_21' title='bbox 471 512 606 559; x_wconf 79' lang='lat' dir='ltr'>exornes.</span> <span class='ocrx_word' id='word_1_22' title='bbox 627 496 659 558; x_wconf 94' lang='lat' dir='ltr'>ln</span> <span class='ocrx_word' id='word_1_23' title='bbox 676 498 772 576; x_wconf 89' lang='lat' dir='ltr'>primis</span> <span class='ocrx_word' id='word_1_24' title='bbox 788 514 849 559; x_wconf 92' lang='lat' dir='ltr'>ama</span> <span class='ocrx_word' id='word_1_25' title='bbox 866 497 1022 559; x_wconf 87' lang='lat' dir='ltr'>bominem:</span> <span class='ocrx_word' id='word_1_26' title='bbox 1039 517 1102 560; x_wconf 90' lang='lat' dir='ltr'>nam</span> 
     </span>
     <span class='ocr_line' id='line_1_4' title="bbox 99 579 1102 661; baseline -0.001 -19"><span class='ocrx_word' id='word_1_27' title='bbox 99 581 168 644; x_wconf 90' lang='lat' dir='ltr'>licet</span> <span class='ocrx_word' id='word_1_28' title='bbox 190 581 299 644; x_wconf 87' lang='lat' dir='ltr'>tribuas</span> <span class='ocrx_word' id='word_1_29' title='bbox 320 580 348 642; x_wconf 90' lang='lat' dir='ltr'>ei</span> <span class='ocrx_word' id='word_1_30' title='bbox 366 590 499 659; x_wconf 89' lang='lat' dir='ltr'>quantum</span> <span class='ocrx_word' id='word_1_31' title='bbox 513 579 715 660; x_wconf 86' lang='lat' dir='ltr'>amplissimum</span> <span class='ocrx_word' id='word_1_32' title='bbox 729 590 832 661; x_wconf 87' lang='lat' dir='ltr'>potes,</span> <span class='ocrx_word' id='word_1_33' title='bbox 853 580 921 642; x_wconf 86' lang='lat' dir='ltr'>nihil</span> <span class='ocrx_word' id='word_1_34' title='bbox 936 590 1029 642; x_wconf 88' lang='lat' dir='ltr'>tamen</span> <span class='ocrx_word' id='word_1_35' title='bbox 1044 599 1102 642; x_wconf 92' lang='lat' dir='ltr'>am·</span> 
     </span>
     <span class='ocr_line' id='line_1_5' title="bbox 98 664 1102 746; baseline 0.001 -21"><span class='ocrx_word' id='word_1_36' title='bbox 98 665 173 744; x_wconf 86' lang='lat' dir='ltr'>plius</span> <span class='ocrx_word' id='word_1_37' title='bbox 189 674 278 746; x_wconf 89' lang='lat' dir='ltr'>potes</span> <span class='ocrx_word' id='word_1_38' title='bbox 293 664 415 726; x_wconf 89' lang='lat' dir='ltr'>amicitia</span> <span class='ocrx_word' id='word_1_39' title='bbox 428 673 490 733; x_wconf 93' lang='lat' dir='ltr'>tua;</span> <span class='ocrx_word' id='word_1_40' title='bbox 506 665 586 726; x_wconf 91' lang='lat' dir='ltr'>cuins</span> <span class='ocrx_word' id='word_1_41' title='bbox 602 683 670 727; x_wconf 87' lang='lat' dir='ltr'>esse</span> <span class='ocrx_word' id='word_1_42' title='bbox 686 683 751 726; x_wconf 90' lang='lat' dir='ltr'>enm</span> <span class='ocrx_word' id='word_1_43' title='bbox 767 684 859 744; x_wconf 89' lang='lat' dir='ltr'>usque</span> <span class='ocrx_word' id='word_1_44' title='bbox 876 664 910 724; x_wconf 90' lang='lat' dir='ltr'>ad</span> <span class='ocrx_word' id='word_1_45' title='bbox 924 664 1047 727; x_wconf 91' lang='lat' dir='ltr'>intimam</span> <span class='ocrx_word' id='word_1_46' title='bbox 1061 665 1102 726; x_wconf 85' lang='lat' dir='ltr'>la-</span> 
     </span>
     <span class='ocr_line' id='line_1_6' title="bbox 76 747 1101 828; baseline -0.003 -15"><span class='ocrx_word' id='word_1_47' title='bbox 76 747 289 813; x_wconf 76' lang='lat' dir='ltr'>amiliaritntem</span> <span class='ocrx_word' id='word_1_48' title='bbox 304 765 440 828; x_wconf 90' lang='lat' dir='ltr'>capacem</span> <span class='ocrx_word' id='word_1_49' title='bbox 464 764 520 826; x_wconf 91' lang='lat' dir='ltr'>qno</span> <span class='ocrx_word' id='word_1_50' title='bbox 537 749 627 826; x_wconf 73' lang='lat' dir='ltr'>magis</span> <span class='ocrx_word' id='word_1_51' title='bbox 647 750 757 828; x_wconf 86' lang='lat' dir='ltr'>scires,</span> <span class='ocrx_word' id='word_1_52' title='bbox 782 749 908 810; x_wconf 87' lang='lat' dir='ltr'>breviter</span> <span class='ocrx_word' id='word_1_53' title='bbox 926 749 977 810; x_wconf 92' lang='lat' dir='ltr'>tibi</span> <span class='ocrx_word' id='word_1_54' title='bbox 999 748 1101 826; x_wconf 90' lang='lat' dir='ltr'>studia,</span> 
     </span>
     <span class='ocr_line' id='line_1_7' title="bbox 98 830 1140 912; baseline 0.005 -20"><span class='ocrx_word' id='word_1_55' title='bbox 98 850 206 911; x_wconf 87' lang='lat' dir='ltr'>mores,</span> <span class='ocrx_word' id='word_1_56' title='bbox 223 849 336 893; x_wconf 91' lang='lat' dir='ltr'>omnem</span> <span class='ocrx_word' id='word_1_57' title='bbox 350 830 473 911; x_wconf 90' lang='lat' dir='ltr'>denique</span> <span class='ocrx_word' id='word_1_58' title='bbox 488 832 574 892; x_wconf 88' lang='lat' dir='ltr'>vitam</span> <span class='ocrx_word' id='word_1_59' title='bbox 589 832 652 894; x_wconf 88' lang='lat' dir='ltr'>eius</span> <span class='ocrx_word' id='word_1_60' title='bbox 668 833 809 912; x_wconf 77' lang='lat' dir='ltr'><strong>expressi.</strong></span> <span class='ocrx_word' id='word_1_61' title='bbox 829 830 1023 894; x_wconf 79' lang='lat' dir='ltr'>Extenderem</span> <span class='ocrx_word' id='word_1_62' title='bbox 1037 851 1102 912; x_wconf 90' lang='lat' dir='ltr'>pre·</span> <span class='ocrx_word' id='word_1_63' title='bbox 1111 844 1140 898; x_wconf 89' lang='lat'>11</span> 
     </span>
     <span class='ocr_line' id='line_1_8' title="bbox 99 914 1102 995; baseline 0 -19"><span class='ocrx_word' id='word_1_64' title='bbox 99 935 160 994; x_wconf 80' lang='lat' dir='ltr'>ces,</span> <span class='ocrx_word' id='word_1_65' title='bbox 176 917 235 978; x_wconf 87' lang='lat' dir='ltr'>nisi</span> <span class='ocrx_word' id='word_1_66' title='bbox 249 924 279 976; x_wconf 91' lang='lat' dir='ltr'>et</span> <span class='ocrx_word' id='word_1_67' title='bbox 290 925 320 977; x_wconf 91' lang='lat' dir='ltr'>tn</span> <span class='ocrx_word' id='word_1_68' title='bbox 333 917 429 993; x_wconf 79' lang='lat' dir='ltr'>rogari</span> <span class='ocrx_word' id='word_1_69' title='bbox 444 914 490 976; x_wconf 90' lang='lat' dir='ltr'>diu</span> <span class='ocrx_word' id='word_1_70' title='bbox 501 914 607 993; x_wconf 86' lang='lat' dir='ltr'>nolles,</span> <span class='ocrx_word' id='word_1_71' title='bbox 623 925 652 976; x_wconf 92' lang='lat' dir='ltr'>et</span> <span class='ocrx_word' id='word_1_72' title='bbox 666 933 722 994; x_wconf 72' lang='lat' dir='ltr'>epo</span> <span class='ocrx_word' id='word_1_73' title='bbox 736 925 795 978; x_wconf 87' lang='lat' dir='ltr'>tota</span> <span class='ocrx_word' id='word_1_74' title='bbox 808 916 865 977; x_wconf 90' lang='lat' dir='ltr'>boe</span> <span class='ocrx_word' id='word_1_75' title='bbox 879 915 1003 995; x_wconf 90' lang='lat' dir='ltr'>epistula</span> <span class='ocrx_word' id='word_1_76' title='bbox 1015 916 1102 978; x_wconf 87' lang='lat' dir='ltr'>lecis-</span> 
     </span>
     <span class='ocr_line' id='line_1_9' title="bbox 98 997 1103 1142; baseline 0 -82"><span class='ocrx_word' id='word_1_77' title='bbox 98 1017 173 1062; x_wconf 90' lang='lat' dir='ltr'>sem:</span> <span class='ocrx_word' id='word_1_78' title='bbox 196 1007 283 1078; x_wconf 79' lang='lat' dir='ltr'>rogat</span> <span class='ocrx_word' id='word_1_79' title='bbox 297 1000 388 1142; x_wconf 62' lang='lat' dir='ltr'>paim,</span> <span class='ocrx_word' id='word_1_80' title='bbox 410 1007 440 1059; x_wconf 94' lang='lat' dir='ltr'>et</span> <span class='ocrx_word' id='word_1_81' title='bbox 454 997 568 1077; x_wconf 88' lang='lat' dir='ltr'>quidem</span> <span class='ocrx_word' id='word_1_82' title='bbox 581 999 798 1079; x_wconf 84' lang='lat' dir='ltr'>efficacissime,</span> <span class='ocrx_word' id='word_1_83' title='bbox 820 1000 868 1079; x_wconf 87' lang='lat' dir='ltr'>qui</span> <span class='ocrx_word' id='word_1_84' title='bbox 888 999 982 1061; x_wconf 81' lang='lat' dir='ltr'>reddit</span> <span class='ocrx_word' id='word_1_85' title='bbox 1002 1017 1103 1062; x_wconf 89' lang='lat' dir='ltr'>causas</span> 
     </span>
     <span class='ocr_line' id='line_1_10' title="bbox 97 1082 337 1162; baseline 0.004 -20"><span class='ocrx_word' id='word_1_86' title='bbox 97 1083 227 1162; x_wconf 79' lang='lat' dir='ltr'>rogandi.</span> <span class='ocrx_word' id='word_1_87' title='bbox 255 1082 297 1142; x_wconf 90' lang='lat' dir='ltr'>Va</span> <span class='ocrx_word' id='word_1_88' title='bbox 309 1101 337 1143; x_wconf 86' lang='lat' dir='ltr'>e.</span> 
     </span>
    </p>
   </div>
   <div class='ocr_carea' id='block_1_3' title="bbox 61 1187 825 1371">
    <p class='ocr_par' dir='ltr' id='par_1_3' title="bbox 61 1187 825 1371">
     <span class='ocr_line' id='line_1_11' title="bbox 61 1187 651 1278; baseline 0.002 -42"><span class='ocrx_word' id='word_1_89' title='bbox 61 1187 90 1236; x_wconf 87' lang='lat'>10</span> <span class='ocrx_word' id='word_1_90' title='bbox 527 1211 538 1236; x_wconf 58' lang='grc' dir='ltr'>ι</span> <span class='ocrx_word' id='word_1_91' title='bbox 559 1215 651 1278; x_wconf 45' lang='lat' dir='ltr'>Xffll·</span> 
     </span>
     <span class='ocr_line' id='line_1_12' title="bbox 377 1313 825 1371; baseline 0.002 -6"><span class='ocrx_word' id='word_1_92' title='bbox 377 1314 404 1371; x_wconf 78' lang='lat' dir='ltr'>G.</span> <span class='ocrx_word' id='word_1_93' title='bbox 425 1314 552 1367; x_wconf 87' lang='lat' dir='ltr'>PLINIUS</span> <span class='ocrx_word' id='word_1_94' title='bbox 569 1314 703 1366; x_wconf 79' lang='lat' dir='ltr'>MAXIMO</span> <span class='ocrx_word' id='word_1_95' title='bbox 719 1313 780 1366; x_wconf 84' lang='lat' dir='ltr'>SUO</span> <span class='ocrx_word' id='word_1_96' title='bbox 797 1315 825 1366; x_wconf 90' lang='lat' dir='ltr'>S.</span> 
     </span>
    </p>
   </div>
   <div class='ocr_carea' id='block_1_4' title="bbox 63 1415 1187 3506">
    <p class='ocr_par' dir='ltr' id='par_1_4' title="bbox 63 1415 1187 3506">
     <span class='ocr_line' id='line_1_13' title="bbox 158 1415 1129 1497; baseline 0.003 -21"><span class='ocrx_word' id='word_1_97' title='bbox 158 1417 268 1478; x_wconf 90' lang='lat' dir='ltr'>Verum</span> <span class='ocrx_word' id='word_1_98' title='bbox 282 1416 419 1496; x_wconf 88' lang='lat' dir='ltr'>opinaris:</span> <span class='ocrx_word' id='word_1_99' title='bbox 443 1417 606 1495; x_wconf 79' lang='lat' dir='ltr'>destringor</span> <span class='ocrx_word' id='word_1_100' title='bbox 626 1415 875 1478; x_wconf 75' lang='lat' dir='ltr'>centumviralibus</span> <span class='ocrx_word' id='word_1_101' title='bbox 898 1417 1009 1495; x_wconf 88' lang='lat' dir='ltr'>causis,</span> <span class='ocrx_word' id='word_1_102' title='bbox 1031 1428 1129 1497; x_wconf 88' lang='lat' dir='ltr'>quael</span> 
     </span>
     <span class='ocr_line' id='line_1_14' title="bbox 98 1499 1103 1581; baseline 0.002 -21"><span class='ocrx_word' id='word_1_103' title='bbox 98 1520 142 1562; x_wconf 91' lang='lat' dir='ltr'>me</span> <span class='ocrx_word' id='word_1_104' title='bbox 157 1509 300 1563; x_wconf 79' lang='lat' dir='ltr'>exercent</span> <span class='ocrx_word' id='word_1_105' title='bbox 313 1500 402 1579; x_wconf 74' lang='lat' dir='ltr'>magis</span> <span class='ocrx_word' id='word_1_106' title='bbox 420 1519 503 1580; x_wconf 89' lang='lat' dir='ltr'>quam</span> <span class='ocrx_word' id='word_1_107' title='bbox 519 1500 673 1563; x_wconf 89' lang='lat' dir='ltr'>delectant.</span> <span class='ocrx_word' id='word_1_108' title='bbox 694 1500 765 1561; x_wconf 87' lang='lat' dir='ltr'>Sunt</span> <span class='ocrx_word' id='word_1_109' title='bbox 780 1502 854 1562; x_wconf 91' lang='lat' dir='ltr'>enim</span> <span class='ocrx_word' id='word_1_110' title='bbox 868 1499 1025 1580; x_wconf 90' lang='lat' dir='ltr'>pleraeque</span> <span class='ocrx_word' id='word_1_111' title='bbox 1039 1519 1103 1581; x_wconf 90' lang='lat' dir='ltr'>par·</span> 
     </span>
     <span class='ocr_line' id='line_1_15' title="bbox 63 1582 1104 1665; baseline 0 -19"><span class='ocrx_word' id='word_1_112' title='bbox 63 1596 151 1647; x_wconf 72' lang='lat' dir='ltr'>levae</span> <span class='ocrx_word' id='word_1_113' title='bbox 166 1595 196 1647; x_wconf 89' lang='lat' dir='ltr'>et</span> <span class='ocrx_word' id='word_1_114' title='bbox 208 1582 307 1646; x_wconf 88' lang='lat' dir='ltr'>exilis:</span> <span class='ocrx_word' id='word_1_115' title='bbox 330 1600 394 1646; x_wconf 88' lang='lat' dir='ltr'>raro</span> <span class='ocrx_word' id='word_1_116' title='bbox 414 1585 511 1647; x_wconf 88' lang='lat' dir='ltr'>incidit</span> <span class='ocrx_word' id='word_1_117' title='bbox 524 1583 573 1645; x_wconf 92' lang='lat' dir='ltr'>vel</span> <span class='ocrx_word' id='word_1_118' title='bbox 587 1602 773 1665; x_wconf 89' lang='lat' dir='ltr'>personarum</span> <span class='ocrx_word' id='word_1_119' title='bbox 791 1584 918 1645; x_wconf 88' lang='lat' dir='ltr'>claritate</span> <span class='ocrx_word' id='word_1_120' title='bbox 932 1583 981 1644; x_wconf 89' lang='lat' dir='ltr'>vel</span> <span class='ocrx_word' id='word_1_121' title='bbox 995 1585 1104 1664; x_wconf 77' lang='lat' dir='ltr'>negotii</span> 
     </span>
     <span class='ocr_line' id='line_1_16' title="bbox 100 1666 1129 1748; baseline -0.002 -22"><span class='ocrx_word' id='word_1_122' title='bbox 100 1667 291 1747; x_wconf 78' lang='lat' dir='ltr'>magnitudine</span> <span class='ocrx_word' id='word_1_123' title='bbox 308 1668 438 1747; x_wconf 83' lang='lat' dir='ltr'>insignis.</span> <span class='ocrx_word' id='word_1_124' title='bbox 463 1667 580 1730; x_wconf 77' lang='lat' dir='ltr'>Adbuc</span> <span class='ocrx_word' id='word_1_125' title='bbox 597 1669 681 1748; x_wconf 89' lang='lat' dir='ltr'>pauci</span> <span class='ocrx_word' id='word_1_126' title='bbox 700 1686 764 1728; x_wconf 91' lang='lat' dir='ltr'>cnm</span> <span class='ocrx_word' id='word_1_127' title='bbox 779 1668 881 1747; x_wconf 90' lang='lat' dir='ltr'>quibus</span> <span class='ocrx_word' id='word_1_128' title='bbox 896 1670 974 1728; x_wconf 93' lang='lat' dir='ltr'>iuvet</span> <span class='ocrx_word' id='word_1_129' title='bbox 988 1666 1086 1728; x_wconf 89' lang='lat' dir='ltr'>dicere</span> <span class='ocrx_word' id='word_1_130' title='bbox 1096 1673 1129 1728; x_wconf 71' lang='lat' dir='ltr'>:a</span> 
     </span>
     <span class='ocr_line' id='line_1_17' title="bbox 102 1748 1104 1831; baseline 0 -19"><span class='ocrx_word' id='word_1_131' title='bbox 102 1753 192 1814; x_wconf 91' lang='lat' dir='ltr'>ceteri</span> <span class='ocrx_word' id='word_1_132' title='bbox 206 1751 332 1814; x_wconf 78' lang='lat' dir='ltr'>audaces</span> <span class='ocrx_word' id='word_1_133' title='bbox 348 1763 435 1831; x_wconf 88' lang='lat' dir='ltr'>atque</span> <span class='ocrx_word' id='word_1_134' title='bbox 455 1753 538 1814; x_wconf 88' lang='lat' dir='ltr'>etiam</span> <span class='ocrx_word' id='word_1_135' title='bbox 558 1769 659 1830; x_wconf 75' lang='lat' dir='ltr'>magna</span> <span class='ocrx_word' id='word_1_136' title='bbox 679 1769 716 1812; x_wconf 85' lang='lat' dir='ltr'>ex</span> <span class='ocrx_word' id='word_1_137' title='bbox 736 1761 816 1829; x_wconf 90' lang='lat' dir='ltr'>parte</span> <span class='ocrx_word' id='word_1_138' title='bbox 831 1748 1039 1814; x_wconf 83' lang='lat' dir='ltr'>adulescentuli</span> <span class='ocrx_word' id='word_1_139' title='bbox 1054 1751 1104 1812; x_wconf 91' lang='lat' dir='ltr'>ob·</span> 
     </span>
     <span class='ocr_line' id='line_1_18' title="bbox 102 1835 1104 1911; baseline 0.001 -16"><span class='ocrx_word' id='word_1_140' title='bbox 102 1838 176 1898; x_wconf 78' lang='lat' dir='ltr'>scuni</span> <span class='ocrx_word' id='word_1_141' title='bbox 201 1835 239 1897; x_wconf 93' lang='lat' dir='ltr'>ad</span> <span class='ocrx_word' id='word_1_142' title='bbox 261 1835 473 1898; x_wconf 87' lang='lat' dir='ltr'>declamandum</span> <span class='ocrx_word' id='word_1_143' title='bbox 499 1835 556 1898; x_wconf 89' lang='lat' dir='ltr'>buc</span> <span class='ocrx_word' id='word_1_144' title='bbox 575 1835 762 1911; x_wconf 76' lang='lat' dir='ltr'>constarunt,</span> <span class='ocrx_word' id='word_1_145' title='bbox 788 1845 844 1896; x_wconf 87' lang='lat' dir='ltr'>tam</span> <span class='ocrx_word' id='word_1_146' title='bbox 863 1835 1060 1894; x_wconf 82' lang='lat' dir='ltr'>inreverenter</span> <span class='ocrx_word' id='word_1_147' title='bbox 1074 1844 1104 1896; x_wconf 91' lang='lat' dir='ltr'>et</span> 
     </span>
     <span class='ocr_line' id='line_1_19' title="bbox 101 1917 1105 1998; baseline 0.002 -20"><span class='ocrx_word' id='word_1_148' title='bbox 101 1927 209 1980; x_wconf 86' lang='lat' dir='ltr'>temere</span> <span class='ocrx_word' id='word_1_149' title='bbox 229 1928 262 1980; x_wconf 93' lang='lat' dir='ltr'>ut</span> <span class='ocrx_word' id='word_1_150' title='bbox 281 1918 349 1980; x_wconf 90' lang='lat' dir='ltr'>mibi</span> <span class='ocrx_word' id='word_1_151' title='bbox 363 1917 466 1980; x_wconf 76' lang='lat' dir='ltr'>Atilius</span> <span class='ocrx_word' id='word_1_152' title='bbox 485 1929 586 1980; x_wconf 89' lang='lat' dir='ltr'>noster</span> <span class='ocrx_word' id='word_1_153' title='bbox 599 1937 739 1998; x_wconf 75' lang='lat' dir='ltr'>expresse</span> <span class='ocrx_word' id='word_1_154' title='bbox 754 1918 860 1981; x_wconf 83' lang='lat' dir='ltr'>dixisse</span> <span class='ocrx_word' id='word_1_155' title='bbox 874 1917 1003 1978; x_wconf 85' lang='lat' dir='ltr'>videatur</span> <span class='ocrx_word' id='word_1_156' title='bbox 1017 1919 1061 1980; x_wconf 88' lang='lat' dir='ltr'>sie</span> <span class='ocrx_word' id='word_1_157' title='bbox 1075 1919 1105 1980; x_wconf 89' lang='lat' dir='ltr'>in</span> 
     </span>
     <span class='ocr_line' id='line_1_20' title="bbox 66 2000 1104 2082; baseline -0.006 -14"><span class='ocrx_word' id='word_1_158' title='bbox 66 2002 163 2068; x_wconf 81' lang='lat' dir='ltr'>aufero</span> <span class='ocrx_word' id='word_1_159' title='bbox 177 2019 286 2082; x_wconf 83' lang='lat' dir='ltr'>pueros</span> <span class='ocrx_word' id='word_1_160' title='bbox 305 2019 321 2062; x_wconf 92' lang='lat' dir='ltr'>a</span> <span class='ocrx_word' id='word_1_161' title='bbox 337 2001 586 2065; x_wconf 82' lang='lat' dir='ltr'>centumviralibus</span> <span class='ocrx_word' id='word_1_162' title='bbox 606 2004 698 2064; x_wconf 89' lang='lat' dir='ltr'>causis</span> <span class='ocrx_word' id='word_1_163' title='bbox 715 2003 856 2082; x_wconf 91' lang='lat' dir='ltr'>auspicari</span> <span class='ocrx_word' id='word_1_164' title='bbox 873 2010 904 2062; x_wconf 94' lang='lat' dir='ltr'>ut</span> <span class='ocrx_word' id='word_1_165' title='bbox 924 2001 959 2062; x_wconf 92' lang='lat' dir='ltr'>ab</span> <span class='ocrx_word' id='word_1_166' title='bbox 978 2000 1104 2067; x_wconf 85' lang='lat' dir='ltr'>llomcro</span> 
     </span>
     <span class='ocr_line' id='line_1_21' title="bbox 102 2083 1105 2166; baseline 0.003 -23"><span class='ocrx_word' id='word_1_167' title='bbox 102 2086 129 2146; x_wconf 91' lang='lat' dir='ltr'>in</span> <span class='ocrx_word' id='word_1_168' title='bbox 143 2086 264 2148; x_wconf 89' lang='lat' dir='ltr'>sobolis.</span> <span class='ocrx_word' id='word_1_169' title='bbox 291 2083 362 2147; x_wconf 80' lang='lat' dir='ltr'>llam</span> <span class='ocrx_word' id='word_1_170' title='bbox 376 2085 424 2148; x_wconf 89' lang='lat' dir='ltr'>bic</span> <span class='ocrx_word' id='word_1_171' title='bbox 444 2104 560 2166; x_wconf 85' lang='lat' dir='ltr'>quoque</span> <span class='ocrx_word' id='word_1_172' title='bbox 580 2096 610 2148; x_wconf 99' lang='lat' dir='ltr'>ut</span> <span class='ocrx_word' id='word_1_173' title='bbox 625 2087 685 2148; x_wconf 89' lang='lat' dir='ltr'>illic</span> <span class='ocrx_word' id='word_1_174' title='bbox 699 2089 818 2166; x_wconf 81' lang='lat' dir='ltr'>primum</span> <span class='ocrx_word' id='word_1_175' title='bbox 833 2087 930 2166; x_wconf 91' lang='lat' dir='ltr'>coepit</span> <span class='ocrx_word' id='word_1_176' title='bbox 945 2105 1012 2147; x_wconf 89' lang='lat' dir='ltr'>esse</span> <span class='ocrx_word' id='word_1_177' title='bbox 1028 2085 1105 2165; x_wconf 87' lang='lat' dir='ltr'>quod</span> 
     </span>
     <span class='ocr_line' id='line_1_22' title="bbox 104 2167 1104 2248; baseline 0.003 -21"><span class='ocrx_word' id='word_1_178' title='bbox 104 2171 249 2232; x_wconf 67' lang='lat' dir='ltr'>nummum</span> <span class='ocrx_word' id='word_1_179' title='bbox 264 2179 320 2231; x_wconf 91' lang='lat' dir='ltr'>est.</span> <span class='ocrx_word' id='word_1_180' title='bbox 345 2170 384 2231; x_wconf 74' lang='lat' dir='ltr'>At</span> <span class='ocrx_word' id='word_1_181' title='bbox 398 2167 524 2233; x_wconf 89' lang='lat' dir='ltr'>llerenle</span> <span class='ocrx_word' id='word_1_182' title='bbox 540 2180 605 2231; x_wconf 89' lang='lat' dir='ltr'>ante</span> <span class='ocrx_word' id='word_1_183' title='bbox 622 2171 785 2231; x_wconf 85' lang='lat' dir='ltr'>memoriam</span> <span class='ocrx_word' id='word_1_184' title='bbox 798 2188 890 2231; x_wconf 90' lang='lat' dir='ltr'>meam</span> <span class='ocrx_word' id='word_1_185' title='bbox 910 2170 964 2248; x_wconf 90' lang='lat' dir='ltr'>(ita</span> <span class='ocrx_word' id='word_1_186' title='bbox 981 2170 1104 2230; x_wconf 86' lang='lat' dir='ltr'>maiores</span> 
     </span>
     <span class='ocr_line' id='line_1_23' title="bbox 103 2252 1103 2334; baseline 0.001 -23"><span class='ocrx_word' id='word_1_187' title='bbox 103 2263 165 2315; x_wconf 88' lang='lat' dir='ltr'>natu</span> <span class='ocrx_word' id='word_1_188' title='bbox 180 2255 277 2316; x_wconf 89' lang='lat' dir='ltr'>solent</span> <span class='ocrx_word' id='word_1_189' title='bbox 292 2253 406 2333; x_wconf 85' lang='lat' dir='ltr'>dicere)</span> <span class='ocrx_word' id='word_1_190' title='bbox 424 2272 460 2315; x_wconf 90' lang='lat' dir='ltr'>ne</span> <span class='ocrx_word' id='word_1_191' title='bbox 481 2253 665 2317; x_wconf 86' lang='lat' dir='ltr'>nobilissimis</span> <span class='ocrx_word' id='word_1_192' title='bbox 685 2254 798 2334; x_wconf 84' lang='lat' dir='ltr'>quidem</span> <span class='ocrx_word' id='word_1_193' title='bbox 811 2252 1043 2316; x_wconf 86' lang='lat' dir='ltr'>adulescentibus</span> <span class='ocrx_word' id='word_1_194' title='bbox 1060 2252 1103 2313; x_wconf 93' lang='lat' dir='ltr'>lo-</span> 
     </span>
     <span class='ocr_line' id='line_1_24' title="bbox 107 2337 1104 2418; baseline 0 -22"><span class='ocrx_word' id='word_1_195' title='bbox 107 2355 153 2398; x_wconf 90' lang='lat' dir='ltr'>cus</span> <span class='ocrx_word' id='word_1_196' title='bbox 173 2347 234 2400; x_wconf 90' lang='lat' dir='ltr'>erat</span> <span class='ocrx_word' id='word_1_197' title='bbox 254 2339 309 2398; x_wconf 88' lang='lat' dir='ltr'>nisi</span> <span class='ocrx_word' id='word_1_198' title='bbox 328 2337 423 2418; x_wconf 82' lang='lat' dir='ltr'>aliquo</span> <span class='ocrx_word' id='word_1_199' title='bbox 442 2337 586 2400; x_wconf 88' lang='lat' dir='ltr'>consulari</span> <span class='ocrx_word' id='word_1_200' title='bbox 605 2337 798 2417; x_wconf 89' lang='lat' dir='ltr'>producente:</span> <span class='ocrx_word' id='word_1_201' title='bbox 822 2347 898 2400; x_wconf 88' lang='lat' dir='ltr'>tanta</span> <span class='ocrx_word' id='word_1_202' title='bbox 918 2339 1104 2398; x_wconf 88' lang='lat' dir='ltr'>veneratione</span> 
     </span>
     <span class='ocr_line' id='line_1_25' title="bbox 71 2419 1128 2500; baseline 0.003 -21"><span class='ocrx_word' id='word_1_203' title='bbox 71 2426 98 2479; x_wconf 76' lang='grc' dir='ltr'>ιι</span> <span class='ocrx_word' id='word_1_204' title='bbox 106 2419 322 2498; x_wconf 87' lang='lat' dir='ltr'>pulcherrimum</span> <span class='ocrx_word' id='word_1_205' title='bbox 336 2439 409 2500; x_wconf 93' lang='lat' dir='ltr'>opus</span> <span class='ocrx_word' id='word_1_206' title='bbox 426 2420 584 2483; x_wconf 89' lang='lat' dir='ltr'>colebatur.</span> <span class='ocrx_word' id='word_1_207' title='bbox 604 2419 687 2482; x_wconf 86' lang='lat' dir='ltr'>Nune</span> <span class='ocrx_word' id='word_1_208' title='bbox 701 2422 833 2484; x_wconf 84' lang='lat' dir='ltr'>refractis</span> <span class='ocrx_word' id='word_1_209' title='bbox 848 2421 965 2499; x_wconf 90' lang='lat' dir='ltr'>pudoris</span> <span class='ocrx_word' id='word_1_210' title='bbox 976 2430 1006 2481; x_wconf 91' lang='lat' dir='ltr'>et</span> <span class='ocrx_word' id='word_1_211' title='bbox 1020 2424 1128 2482; x_wconf 78' lang='lat' dir='ltr'>reve-4</span> 
     </span>
     <span class='ocr_line' id='line_1_26' title="bbox 106 2502 1105 2585; baseline 0.001 -23"><span class='ocrx_word' id='word_1_212' title='bbox 106 2506 207 2566; x_wconf 89' lang='lat' dir='ltr'>rentiae</span> <span class='ocrx_word' id='word_1_213' title='bbox 226 2505 357 2567; x_wconf 90' lang='lat' dir='ltr'>claustris</span> <span class='ocrx_word' id='word_1_214' title='bbox 371 2506 462 2566; x_wconf 91' lang='lat' dir='ltr'>omnia</span> <span class='ocrx_word' id='word_1_215' title='bbox 475 2514 573 2585; x_wconf 90' lang='lat' dir='ltr'>patent</span> <span class='ocrx_word' id='word_1_216' title='bbox 589 2506 728 2583; x_wconf 84' lang='lat' dir='ltr'>omnibus,</span> <span class='ocrx_word' id='word_1_217' title='bbox 747 2522 801 2566; x_wconf 89' lang='lat' dir='ltr'>nec</span> <span class='ocrx_word' id='word_1_218' title='bbox 812 2504 981 2565; x_wconf 89' lang='lat' dir='ltr'>inducuntur</span> <span class='ocrx_word' id='word_1_219' title='bbox 994 2502 1047 2564; x_wconf 92' lang='lat' dir='ltr'>sed</span> <span class='ocrx_word' id='word_1_220' title='bbox 1062 2505 1105 2563; x_wconf 90' lang='lat' dir='ltr'>in·</span> 
     </span>
     <span class='ocr_line' id='line_1_27' title="bbox 107 2586 1106 2669; baseline 0.003 -25"><span class='ocrx_word' id='word_1_221' title='bbox 107 2599 243 2668; x_wconf 89' lang='lat' dir='ltr'>rumpunt.</span> <span class='ocrx_word' id='word_1_222' title='bbox 277 2590 439 2669; x_wconf 84' lang='lat' dir='ltr'>Sequuntur</span> <span class='ocrx_word' id='word_1_223' title='bbox 452 2588 595 2652; x_wconf 85' lang='lat' dir='ltr'>auditores</span> <span class='ocrx_word' id='word_1_224' title='bbox 612 2589 756 2649; x_wconf 85' lang='lat' dir='ltr'>actoribus</span> <span class='ocrx_word' id='word_1_225' title='bbox 777 2586 904 2665; x_wconf 81' lang='lat' dir='ltr'>similes,</span> <span class='ocrx_word' id='word_1_226' title='bbox 927 2586 1061 2648; x_wconf 91' lang='lat' dir='ltr'>conducti</span> <span class='ocrx_word' id='word_1_227' title='bbox 1076 2596 1106 2647; x_wconf 94' lang='lat' dir='ltr'>et</span> 
     </span>
     <span class='ocr_line' id='line_1_28' title="bbox 108 2669 1106 2753; baseline 0.002 -26"><span class='ocrx_word' id='word_1_228' title='bbox 108 2671 257 2752; x_wconf 86' lang='lat' dir='ltr'>redempti:</span> <span class='ocrx_word' id='word_1_229' title='bbox 280 2691 415 2753; x_wconf 88' lang='lat' dir='ltr'>manceps</span> <span class='ocrx_word' id='word_1_230' title='bbox 439 2675 620 2736; x_wconf 86' lang='lat' dir='ltr'>convenitur:</span> <span class='ocrx_word' id='word_1_231' title='bbox 643 2673 673 2732; x_wconf 90' lang='lat' dir='ltr'>in</span> <span class='ocrx_word' id='word_1_232' title='bbox 691 2671 784 2732; x_wconf 88' lang='lat' dir='ltr'>media</span> <span class='ocrx_word' id='word_1_233' title='bbox 803 2669 921 2732; x_wconf 88' lang='lat' dir='ltr'>basilica</span> <span class='ocrx_word' id='word_1_234' title='bbox 943 2679 999 2730; x_wconf 90' lang='lat' dir='ltr'>tam</span> <span class='ocrx_word' id='word_1_235' title='bbox 1014 2670 1106 2749; x_wconf 90' lang='lat' dir='ltr'>palam</span> 
     </span>
     <span class='ocr_line' id='line_1_29' title="bbox 109 2754 1107 2836; baseline 0.002 -24"><span class='ocrx_word' id='word_1_236' title='bbox 109 2757 248 2832; x_wconf 87' lang='lat' dir='ltr'>sportulae</span> <span class='ocrx_word' id='word_1_237' title='bbox 265 2775 346 2836; x_wconf 86' lang='lat' dir='ltr'>quarn</span> <span class='ocrx_word' id='word_1_238' title='bbox 363 2757 392 2816; x_wconf 90' lang='lat' dir='ltr'>in</span> <span class='ocrx_word' id='word_1_239' title='bbox 409 2755 531 2818; x_wconf 89' lang='lat' dir='ltr'>triclinio</span> <span class='ocrx_word' id='word_1_240' title='bbox 549 2756 661 2818; x_wconf 90' lang='lat' dir='ltr'>dantur:</span> <span class='ocrx_word' id='word_1_241' title='bbox 681 2774 718 2816; x_wconf 86' lang='lat' dir='ltr'>ex</span> <span class='ocrx_word' id='word_1_242' title='bbox 732 2755 836 2816; x_wconf 92' lang='lat' dir='ltr'>iudicio</span> <span class='ocrx_word' id='word_1_243' title='bbox 852 2755 881 2815; x_wconf 89' lang='lat' dir='ltr'>in</span> <span class='ocrx_word' id='word_1_244' title='bbox 897 2754 1031 2815; x_wconf 91' lang='lat' dir='ltr'>iudicium</span> <span class='ocrx_word' id='word_1_245' title='bbox 1046 2757 1107 2836; x_wconf 90' lang='lat' dir='ltr'>pari</span> 
     </span>
     <span class='ocr_line' id='line_1_30' title="bbox 74 2839 1129 2918; baseline -0.001 -17"><span class='ocrx_word' id='word_1_246' title='bbox 74 2841 236 2902; x_wconf 79' lang='lat' dir='ltr'>domercede</span> <span class='ocrx_word' id='word_1_247' title='bbox 247 2843 387 2904; x_wconf 88' lang='lat' dir='ltr'>transitur.</span> <span class='ocrx_word' id='word_1_248' title='bbox 420 2839 489 2902; x_wconf 91' lang='lat' dir='ltr'>lnde</span> <span class='ocrx_word' id='word_1_249' title='bbox 500 2843 554 2901; x_wconf 91' lang='lat' dir='ltr'>iam</span> <span class='ocrx_word' id='word_1_250' title='bbox 565 2858 621 2902; x_wconf 93' lang='lat' dir='ltr'>non</span> <span class='ocrx_word' id='word_1_251' title='bbox 631 2842 766 2902; x_wconf 90' lang='lat' dir='ltr'>inurbane</span> <span class='ocrx_word' id='word_1_252' title='bbox 778 2841 955 2918; x_wconf 80' lang='grc' dir='ltr'><strong><em>σοφοκλεῑς</em></strong></span> <span class='ocrx_word' id='word_1_253' title='bbox 966 2849 1129 2900; x_wconf 83' lang='lat' dir='ltr'>vocantur5</span> 
     </span>
     <span class='ocr_line' id='line_1_31' title="bbox 111 2912 1106 3004; baseline 0.003 -23"><span class='ocrx_word' id='word_1_254' title='bbox 111 2912 255 2998; x_wconf 79' lang='grc' dir='ltr'><strong>[ἀπὸτοῦ</strong></span> <span class='ocrx_word' id='word_1_255' title='bbox 267 2924 381 3004; x_wconf 73' lang='grc' dir='ltr'><strong><em>σοφῶς</em></strong></span> <span class='ocrx_word' id='word_1_256' title='bbox 392 2920 447 2985; x_wconf 78' lang='grc' dir='ltr'>καὶ</span> <span class='ocrx_word' id='word_1_257' title='bbox 458 2924 662 3003; x_wconf 77' lang='grc' dir='ltr'>καλεῖσθαι]ε</span> <span class='ocrx_word' id='word_1_258' title='bbox 674 2924 765 2986; x_wconf 92' lang='lat' dir='ltr'>isdem</span> <span class='ocrx_word' id='word_1_259' title='bbox 771 2923 897 2984; x_wconf 90' lang='lat' dir='ltr'>Latinum</span> <span class='ocrx_word' id='word_1_260' title='bbox 907 2941 1009 2984; x_wconf 90' lang='lat' dir='ltr'>nomen</span> <span class='ocrx_word' id='word_1_261' title='bbox 1025 2924 1106 3003; x_wconf 87' lang='lat' dir='ltr'>inpo-</span> 
     </span>
     <span class='ocr_line' id='line_1_32' title="bbox 112 3006 1132 3086; baseline 0.004 -22"><span class='ocrx_word' id='word_1_262' title='bbox 112 3006 187 3067; x_wconf 89' lang='lat' dir='ltr'>situm</span> <span class='ocrx_word' id='word_1_263' title='bbox 205 3018 249 3070; x_wconf 90' lang='lat' dir='ltr'>est</span> <span class='ocrx_word' id='word_1_264' title='bbox 263 3008 414 3070; x_wconf 83' lang='lat' dir='ltr'>laodiceni.</span> <span class='ocrx_word' id='word_1_265' title='bbox 435 3007 473 3069; x_wconf 83' lang='lat' dir='ltr'>Et</span> <span class='ocrx_word' id='word_1_266' title='bbox 493 3019 587 3070; x_wconf 76' lang='lat' dir='ltr'>mmen</span> <span class='ocrx_word' id='word_1_267' title='bbox 603 3011 708 3069; x_wconf 89' lang='lat' dir='ltr'>crescit</span> <span class='ocrx_word' id='word_1_268' title='bbox 723 3009 752 3068; x_wconf 91' lang='lat' dir='ltr'>iu</span> <span class='ocrx_word' id='word_1_269' title='bbox 768 3009 829 3070; x_wconf 92' lang='lat' dir='ltr'>dies</span> <span class='ocrx_word' id='word_1_270' title='bbox 844 3008 967 3070; x_wconf 83' lang='lat' dir='ltr'>foeditas</span> <span class='ocrx_word' id='word_1_271' title='bbox 988 3014 1132 3086; x_wconf 84' lang='lat' dir='ltr'>utraqued</span> 
     </span>
     <span class='ocr_line' id='line_1_33' title="bbox 111 3085 1106 3172; baseline 0.01 -25"><span class='ocrx_word' id='word_1_272' title='bbox 111 3085 198 3168; x_wconf 78' lang='lat' dir='ltr'>lingua</span> <span class='ocrx_word' id='word_1_273' title='bbox 212 3101 316 3154; x_wconf 90' lang='lat' dir='ltr'>notata.</span> <span class='ocrx_word' id='word_1_274' title='bbox 336 3091 413 3154; x_wconf 88' lang='lat' dir='ltr'>llere</span> <span class='ocrx_word' id='word_1_275' title='bbox 431 3091 487 3153; x_wconf 94' lang='lat' dir='ltr'>duo</span> <span class='ocrx_word' id='word_1_276' title='bbox 502 3091 731 3154; x_wconf 85' lang='lat' dir='ltr'>nomenclatores</span> <span class='ocrx_word' id='word_1_277' title='bbox 744 3094 801 3153; x_wconf 91' lang='lat' dir='ltr'>mei</span> <span class='ocrx_word' id='word_1_278' title='bbox 817 3093 937 3172; x_wconf 89' lang='lat' dir='ltr'>(babent</span> <span class='ocrx_word' id='word_1_279' title='bbox 949 3109 1018 3153; x_wconf 87' lang='lat' dir='ltr'>sane</span> <span class='ocrx_word' id='word_1_280' title='bbox 1030 3101 1106 3156; x_wconf 92' lang='lat' dir='ltr'>aeta·</span> 
     </span>
     <span class='ocr_line' id='line_1_34' title="bbox 112 3173 1106 3256; baseline 0.005 -26"><span class='ocrx_word' id='word_1_281' title='bbox 112 3177 163 3231; x_wconf 89' lang='lat' dir='ltr'>tem</span> <span class='ocrx_word' id='word_1_282' title='bbox 183 3193 279 3236; x_wconf 91' lang='lat' dir='ltr'>eorum</span> <span class='ocrx_word' id='word_1_283' title='bbox 307 3177 355 3256; x_wconf 83' lang='lat' dir='ltr'>qui</span> <span class='ocrx_word' id='word_1_284' title='bbox 379 3194 471 3256; x_wconf 89' lang='lat' dir='ltr'>nuper</span> <span class='ocrx_word' id='word_1_285' title='bbox 491 3185 573 3254; x_wconf 80' lang='lat' dir='ltr'>togas</span> <span class='ocrx_word' id='word_1_286' title='bbox 599 3177 784 3256; x_wconf 90' lang='lat' dir='ltr'>sumpserint)</span> <span class='ocrx_word' id='word_1_287' title='bbox 812 3178 901 3238; x_wconf 89' lang='lat' dir='ltr'>ternis</span> <span class='ocrx_word' id='word_1_288' title='bbox 929 3174 1048 3236; x_wconf 88' lang='lat' dir='ltr'>denariis</span> <span class='ocrx_word' id='word_1_289' title='bbox 1068 3173 1106 3235; x_wconf 93' lang='lat' dir='ltr'>ad</span> 
     </span>
     <span class='ocr_line' id='line_1_35' title="bbox 79 3250 1109 3322; baseline 0.004 -14"><span class='ocrx_word' id='word_1_290' title='bbox 79 3250 267 3319; x_wconf 74' lang='lat' dir='ltr'>tolaudandum</span> <span class='ocrx_word' id='word_1_291' title='bbox 282 3259 472 3322; x_wconf 87' lang='lat' dir='ltr'>trahebantur.</span> <span class='ocrx_word' id='word_1_292' title='bbox 494 3259 574 3321; x_wconf 87' lang='lat' dir='ltr'>&#39;lauti</span> <span class='ocrx_word' id='word_1_293' title='bbox 589 3269 701 3322; x_wconf 89' lang='lat' dir='ltr'>constat</span> <span class='ocrx_word' id='word_1_294' title='bbox 713 3271 743 3322; x_wconf 89' lang='lat' dir='ltr'>ut</span> <span class='ocrx_word' id='word_1_295' title='bbox 757 3262 797 3322; x_wconf 90' lang='lat' dir='ltr'>sis</span> <span class='ocrx_word' id='word_1_296' title='bbox 810 3259 1023 3321; x_wconf 89' lang='lat' dir='ltr'>disertissimus.</span> <span class='ocrx_word' id='word_1_297' title='bbox 1043 3253 1109 3313; x_wconf 85' lang='lat' dir='ltr'>Hoc</span> 
     </span>
     <span class='ocr_line' id='line_1_36' title="bbox 114 3341 1187 3432; baseline 0.001 -36"><span class='ocrx_word' id='word_1_298' title='bbox 114 3342 197 3414; x_wconf 90' lang='lat' dir='ltr'>pretio</span> <span class='ocrx_word' id='word_1_299' title='bbox 225 3343 378 3422; x_wconf 89' lang='lat' dir='ltr'>quamlibet</span> <span class='ocrx_word' id='word_1_300' title='bbox 399 3361 551 3405; x_wconf 89' lang='lat' dir='ltr'>numerosa</span> <span class='ocrx_word' id='word_1_301' title='bbox 576 3343 714 3407; x_wconf 89' lang='lat' dir='ltr'>subsellia</span> <span class='ocrx_word' id='word_1_302' title='bbox 737 3343 897 3422; x_wconf 88' lang='lat' dir='ltr'>inplentur,</span> <span class='ocrx_word' id='word_1_303' title='bbox 925 3341 982 3401; x_wconf 91' lang='lat' dir='ltr'>boc</span> <span class='ocrx_word' id='word_1_304' title='bbox 1005 3342 1110 3417; x_wconf 81' lang='lat' dir='ltr'>ingens</span> <span class='ocrx_word' id='word_1_305' title='bbox 1177 3411 1187 3432; x_wconf 79' lang='lat'>.</span> 
     </span>
     <span class='ocr_line' id='line_1_37' title="bbox 115 3426 1132 3506; baseline 0.005 -29"><span class='ocrx_word' id='word_1_306' title='bbox 115 3437 210 3486; x_wconf 88' lang='lat' dir='ltr'>corona</span> <span class='ocrx_word' id='word_1_307' title='bbox 225 3426 380 3506; x_wconf 75' lang='lat' dir='ltr'>colligitur,</span> <span class='ocrx_word' id='word_1_308' title='bbox 396 3427 453 3490; x_wconf 92' lang='lat' dir='ltr'>hoc</span> <span class='ocrx_word' id='word_1_309' title='bbox 467 3429 565 3490; x_wconf 83' lang='lat' dir='ltr'>induiti</span> <span class='ocrx_word' id='word_1_310' title='bbox 576 3426 717 3488; x_wconf 90' lang='lat' dir='ltr'>clamores</span> <span class='ocrx_word' id='word_1_311' title='bbox 730 3434 954 3502; x_wconf 85' lang='lat' dir='ltr'>commoventur,</span> <span class='ocrx_word' id='word_1_312' title='bbox 971 3441 1031 3486; x_wconf 91' lang='lat' dir='ltr'>curn</span> <span class='ocrx_word' id='word_1_313' title='bbox 1046 3435 1132 3491; x_wconf 78' lang='grc' dir='ltr'>ιιι-ἰ</span> 
     </span>
    </p>
   </div>
   <div class='ocr_carea' id='block_1_5' title="bbox 116 3505 1109 3628">
    <p class='ocr_par' dir='ltr' id='par_1_5' title="bbox 116 3505 1109 3628">
     <span class='ocr_line' id='line_1_38' title="bbox 116 3505 1109 3628; baseline 0.001 -63"><span class='ocrx_word' id='word_1_314' title='bbox 116 3505 243 3574; x_wconf 84' lang='lat' dir='ltr'>sochorus</span> <span class='ocrx_word' id='word_1_315' title='bbox 258 3511 335 3574; x_wconf 89' lang='lat' dir='ltr'>dedit</span> <span class='ocrx_word' id='word_1_316' title='bbox 348 3513 475 3590; x_wconf 75' lang='lat' dir='ltr'>signum:</span> <span class='ocrx_word' id='word_1_317' title='bbox 494 3529 566 3592; x_wconf 92' lang='lat' dir='ltr'>opus</span> <span class='ocrx_word' id='word_1_318' title='bbox 585 3521 630 3573; x_wconf 93' lang='lat' dir='ltr'>est</span> <span class='ocrx_word' id='word_1_319' title='bbox 644 3511 717 3571; x_wconf 89' lang='lat' dir='ltr'>enim</span> <span class='ocrx_word' id='word_1_320' title='bbox 733 3513 817 3590; x_wconf 84' lang='lat' dir='ltr'>signo</span> <span class='ocrx_word' id='word_1_321' title='bbox 833 3508 908 3590; x_wconf 90' lang='lat' dir='ltr'>apud</span> <span class='ocrx_word' id='word_1_322' title='bbox 924 3526 981 3628; x_wconf 66' lang='lat' dir='ltr'>pon</span> <span class='ocrx_word' id='word_1_323' title='bbox 996 3505 1109 3570; x_wconf 86' lang='lat' dir='ltr'>intelle·</span> 
     </span>
    </p>
   </div>
   <div class='ocr_carea' id='block_1_6' title="bbox 0 0 1320 4102">
    <p class='ocr_par' dir='ltr' id='par_1_6' title="bbox 0 0 1320 4102">
     <span class='ocr_line' id='line_1_39' title="bbox 0 0 1320 4102; baseline 0 0"><span class='ocrx_word' id='word_1_324' title='bbox 0 0 1320 4102; x_wconf 95' lang='lat' dir='ltr'> </span> 
     </span>
    </p>
   </div>
  </div>
 </body>
</html>
