2632 4096
190 259 252 326 186
616 261 649 324 G.
670 259 767 323 Pldlll

162 414 299 492 tdccepi
316 414 390 474 enim
408 429 465 473 uon
483 413 574 472 minus
588 412 727 473 interdum
742 415 894 473 oratorium
911 429 978 473 esse
996 419 1095 472 tacere
1109 428 1192 490 qnam

190 495 298 574 dicere,
311 494 404 576 adque
416 494 489 556 adeo
499 503 601 573 repeto
614 514 659 556 me
672 495 837 575 quibusdam
854 498 953 576 capitis
966 497 1025 556 reis
1038 494 1087 555 vel
1102 495 1191 572 magis

165 577 303 648 asilentio
323 598 405 658 quarn
420 580 548 639 oratione
568 581 779 640 accuratissima
791 580 946 658 profuisse.
978 577 1070 638 linter
1086 580 1190 637 amisso

190 663 247 725 lilio
264 662 348 742 (quid
363 663 436 722 enim
450 661 595 741 prohibet,
614 679 779 742 quamquam
793 663 848 723 alia
861 664 933 723 ratio
949 660 1119 723 scribendae
1129 662 1191 739 epi·

189 745 280 808 stulae
296 745 399 822 fuerit,
421 743 458 806 de
479 744 580 805 studiis
601 745 745 824 disputare
752 744 783 825 l)
798 745 919 806 libertos
934 747 996 806 eius
1012 743 1217 822 eosdemquet

190 827 350 890 coheredes
367 845 436 890 suos
454 827 518 889 falsi
535 838 565 889 et
585 830 717 889 veneficii
736 847 805 890 reos
821 829 962 890 detulerat
976 827 1011 888 ad
1033 828 1191 906 principem

165 913 372 990 9iudlcemqne
388 913 579 989 inpetrauerat
595 910 695 972 Iulium
710 913 886 974 Servianum.
917 910 1110 972 Defenderam
1122 927 1192 971 reos

190 996 297 1074 ingenti
316 996 431 1074 quidem
451 1004 550 1062 coetu:
577 1005 639 1055 erat
661 997 734 1056 enim
754 1014 838 1057 causa
851 997 1014 1072 notissime,
1040 1003 1192 1073 praeterea

189 1079 329 1156 utrimque
346 1078 459 1156 ingenia
474 1077 641 1140 clarissima.
672 1079 770 1139 Pinem
793 1080 949 1158 cognitioni
964 1079 1094 1158 quaestio
1109 1078 1191 1156 inpo-

149 1176 181 1228 10
190 1162 261 1230 suit:
287 1179 359 1240 quae
379 1161 535 1223 secundnm
554 1179 622 1223 reos
644 1162 733 1223 dedit.
764 1161 868 1224 Postea
888 1171 978 1222 mater
997 1160 1064 1222 adiit
1085 1162 1190 1239 princi·
1199 1170 1234 1222 10

189 1261 269 1325 pem:
291 1244 446 1306 adornavit
463 1265 496 1307 se
510 1261 601 1307 novas
613 1246 797 1325 probationes
817 1248 972 1307 invenisse.
1002 1244 1191 1323 Praeceptum

190 1338 236 1390 est
256 1328 404 1389 Suburano
425 1338 456 1388 ut
477 1339 593 1389 vacaret
614 1330 718 1391 linitam
739 1348 852 1390 cansam
872 1329 1051 1405 retractanti,
1077 1327 1191 1406 siquid

147 1426 179 1478 11
188 1414 255 1472 novi
270 1413 404 1474 adferret.
424 1411 531 1473 Aderat
546 1415 625 1473 matri
640 1411 728 1475 lulius
744 1412 912 1491 Africanus,
929 1429 1020 1492 nepos
1035 1411 1112 1472 illius
1127 1429 1190 1472 ora·

187 1497 258 1557 toris
280 1513 338 1574 qno
357 1496 452 1556 andito
474 1493 625 1556 Passienus
642 1494 762 1574 Crispus
776 1497 847 1558 dixit
861 1496 965 1573 ‘bene,
985 1513 1031 1555 me
1051 1494 1188 1571 llercule,

188 1578 278 1640 hene:
300 1578 352 1640 sed
369 1596 425 1657 quo
448 1587 502 1638 tam
519 1575 632 1639 benel'
652 1578 742 1641 Huius
761 1597 871 1658 nepos,
893 1580 1003 1640 invenis
1021 1580 1230 1657 ingeniosuslt

189 1661 241 1724 sed
252 1679 350 1741 parurn
363 1661 498 1740 callidus,
514 1679 577 1722 cum
591 1661 680 1724 multa
694 1663 814 1724 dixisset
827 1662 1060 1741 adsignatumque
1074 1671 1188 1741 tempus

188 1746 348 1825 inplesset,
363 1751 461 1824 ‘rogo’
476 1747 568 1824 inquit
582 1745 759 1824 ‘Suburane,
780 1748 927 1825 permittas
941 1745 1009 1806 milri
1023 1763 1108 1806 unum
1123 1763 1188 1806 uer-

148 1829 254 1891 lthum
269 1830 405 1890 adicere.'
428 1829 498 1889 Turn
513 1846 581 1908 ego,
599 1847 662 1890 oum
679 1847 777 1892 ornnes
791 1848 848 1906 me,
863 1839 893 1889 ut
908 1828 955 1889 diu
972 1846 1187 1908 responsurum,

188 1915 382 1990 intuerentur,
408 1912 646 1992 ‘respondissem’
668 1915 779 1992 inquam
803 1914 841 1974 ‘si
868 1930 953 1972 uuum
977 1912 1047 1973 illud
1068 1913 1188 1973 verbum

188 1995 339 2056 Africanus
362 1995 532 2072 adiecisset,
553 1997 581 2055 iu
603 2013 661 2075 quo
681 2015 738 2057 uon
759 1995 856 2058 dubito
872 1999 964 2057 omnia
980 2013 1053 2057 nora
1072 1995 1231 2058 fuisse’ao

146 2085 180 2139 13
187 2078 252 2139 Nou
271 2077 356 2138 facile
378 2095 424 2138 me
450 2087 553 2157 repeto
572 2089 678 2141 tantum
700 2080 849 2141 adsensum
869 2079 983 2158 agendo
1003 2089 1190 2142 consecutum

187 2170 320 2242 quantum
334 2170 401 2221 tnnc
414 2176 472 2222 ncn
485 2162 608 2239 agendo.
637 2163 773 2236 Similiter
790 2182 865 2224 nunc
885 2174 915 2225 et
928 2163 1077 2243 probatum
1091 2172 1123 2224 et
1138 2181 1189 2222 ex·

148 2252 181 2306 14
190 2254 305 2323 ceptum
322 2253 368 2306 est
388 2244 464 2324 quod
484 2262 537 2323 pro
556 2245 669 2307 Vareno
690 2247 827 2308 hactenus
843 2265 901 2307 nou
916 2250 1002 2308 taem.
1032 2245 1187 2323 Consules,

187 2339 219 2390 ut
232 2327 393 2406 Polyaenus
407 2328 584 2408 postulabat,
605 2332 696 2390 omnia
717 2333 827 2408 integra
841 2331 963 2410 principi
985 2339 1188 2396 serraverunt:

189 2415 268 2475 cuins
290 2413 482 2491 cognitionem
502 2431 662 2492 suspensus
683 2423 834 2492 exspecto.
865 2413 936 2474 Nam
956 2415 1019 2475 dies
1038 2411 1089 2474 ille
1102 2413 1230 2474 nobistt

188 2513 242 2575 pro
264 2496 377 2558 Vareno
403 2505 451 2556 ant
472 2499 653 2558 securitatem
674 2506 705 2556 et
723 2499 810 2576 otium
831 2497 908 2559 dalrit
927 2507 975 2558 aut
996 2499 1189 2559 intermissum

153 2613 154 2616 =
187 2579 314 2642 laborem
328 2589 462 2641 renovata
476 2579 668 2642 sollicitudine
682 2582 818 2658 iniunpet.
847 2579 930 2642 Vale.

330 2797 334 2806 ’
440 2808 466 2859 c.
485 2808 610 2862 surmus
628 2711 812 2863 qunURNlNo
829 2809 889 2862 suo
908 2809 937 2865 s,
1194 2836 1230 2890 3,

165 2919 181 2971 1
248 2906 287 2968 Et
300 2909 427 2986 proxime
445 2907 543 2970 Prisco
556 2920 655 2972 nostro
673 2921 703 2972 et
719 2929 832 2989 rursus,
853 2913 919 2990 quia
931 2913 969 2971 ita
982 2912 1107 2988 iussisti,
1121 2929 1187 2988 gra·
1299 2967 1306 2978 .

186 2993 240 3053 tias
262 2992 326 3069 egi,
352 2990 541 3054 libentissime
562 2994 684 3073 quidem.
720 2994 775 3055 Est
799 2997 873 3056 enirn
891 2994 959 3054 milri
980 2994 1186 3073 periucundum

188 3076 263 3155 quod
278 3076 332 3135 viri
348 3077 446 3154 optimi
467 3075 591 3156 mihique
611 3078 773 3139 amicissimi
786 3078 858 3139 adeo
875 3077 1045 3138 cohaesistis
1065 3087 1095 3138 nt
1114 3079 1185 3138 inri-

161 3169 252 3221 scem
264 3177 317 3220 ros
329 3159 450 3238 obligari
468 3162 585 3237 putetis.
609 3159 681 3221 llam
695 3160 746 3222 ille
760 3178 874 3240 quoque
890 3163 1072 3240 praecipuam
1086 3180 1119 3222 se
1133 3178 1185 3222 vo·

186 3243 322 3321 luptatem
337 3261 374 3304 ex
388 3245 508 3304 amicitia
518 3255 565 3304 tua
581 3263 687 3323 capere
701 3245 850 3323 proiitetur
864 3254 1012 3323 certatque
1026 3254 1121 3305 tecum
1134 3243 1227 3308 hcet

184 3328 347 3390 nestissirno
370 3329 524 3388 certamine
546 3337 659 3388 mutuae
680 3329 819 3404 caritatis,
847 3345 929 3406 quarn
954 3329 1047 3407 ipsum
1070 3337 1185 3406 tempus

185 3410 311 3488 augebit.
340 3409 381 3470 Pe
396 3411 520 3488 negotiis
538 3411 664 3471 distineri
679 3411 716 3472 ob
733 3410 790 3472 hoc
805 3412 928 3473 moleste
943 3411 1023 3488 iero,
1041 3410 1119 3490 quod
1135 3410 1184 3472 de·

186 3495 294 3552 servire
311 3492 414 3553 studiis
425 3510 481 3552 non
495 3502 590 3572 potes.
613 3494 644 3552 Si
655 3504 748 3554 tamen
762 3494 879 3555 alteram
893 3495 972 3556 litem
985 3512 1038 3574 per
1047 3493 1182 3570 iudicem,
