2632 4102
424 243 687 342 urrsruunnuu
700 279 739 342 11.
761 289 803 344 rr.
1073 279 1116 343 en

114 431 264 514 gestationi
274 432 410 493 interiore
422 432 569 493 circumitu
579 433 662 493 vinea
673 441 773 493 tenera
784 441 813 492 ct
827 432 959 493 umbrosa
974 431 1115 512 nudisque

116 518 197 577 etiam
210 516 333 596 pedibus
355 515 449 576 mollis
467 524 496 576 et
512 515 629 576 cedens.
662 514 780 575 llortum
801 532 897 575 morus
920 523 950 575 et
971 517 1041 576 liene
1058 516 1115 578 ire·

116 617 203 680 quens
219 599 316 677 vestit,
332 617 448 679 quarum
464 600 595 660 arborum
613 599 662 660 illa
679 597 727 660 vel
741 598 955 672 maximeferax
968 608 1044 660 terra
1058 609 1114 677 cst,

113 682 262 760 malignior
281 685 398 745 ceteris.
429 681 489 744 llac
503 699 560 744 non
580 682 724 744 deteriore
742 699 825 762 quam
839 683 922 743 maris
941 683 1015 743 facie
1031 699 1114 743 eena-

91 769 152 832 scio
166 776 276 828 remota
288 785 305 827 a
317 767 386 828 mari
400 766 515 827 fruitur:
530 767 654 844 cingitur
670 766 769 830 diaetis
782 765 889 828 duabus
904 783 920 826 a
934 776 1037 844 tergo,
1047 785 1114 846 qua·

112 867 172 910 rum
193 850 329 911 fenestris
352 851 483 912 subiacet
500 850 673 910 vestibulum
692 849 829 911 villae·et
851 849 951 910 hortus
967 850 1039 910 alius
1054 851 1114 928 pin-

112 935 174 1012 guis
201 943 233 995 et
251 934 387 994 rusticus.
419 933 492 994 llinc
516 936 746 1013 cryptoporticus
768 950 861 1013 prope
883 933 991 1014 publici
1016 935 1113 1012 operis
1123 945 1157 999 16

111 1017 284 1078 extenditur.
315 1016 463 1097 Utrimque
477 1016 638 1095 fenestrae,
653 1037 669 1079 a
684 1017 751 1077 mari
766 1017 881 1096 plures,
897 1019 932 1078 ab
946 1017 1031 1079 horto
1046 1036 1113 1098 pau-

112 1104 218 1179 ciores,
235 1101 288 1162 sed
303 1100 418 1162 alternis
433 1101 573 1179 singulae.
600 1100 672 1178 ldae,
691 1118 755 1162 curu
770 1119 890 1162 serenus
906 1101 967 1162 dies
982 1112 1011 1163 et
1025 1103 1113 1163 inmo-

24 1227 27 1234 ·
74 1194 166 1262 lotus,
185 1201 298 1263 ornnes,
311 1203 373 1244 cum
385 1183 450 1246 hinc
460 1183 584 1246 vel'inde
595 1193 698 1246 ventus
709 1184 864 1263 inquietus,
879 1187 1023 1264 querenti
1035 1188 1114 1264 quie·

109 1278 211 1346 scunt,
235 1269 298 1328 sine
312 1269 411 1331 iniuria
429 1277 537 1348 patent.
563 1266 637 1329 Ante
654 1270 900 1346 cryptoporticum
910 1277 1011 1344 xystus
1028 1270 1113 1330 violis
1124 1277 1156 1332 li

109 1353 262 1413 odoratus:
275 1361 406 1431 teporem
417 1352 488 1413 solis
500 1352 585 1412 infusi
591 1369 766 1432 repercussu
775 1353 1006 1431 cryptoporticus
1015 1363 1113 1431 auget,

109 1455 182 1516 quae
195 1446 226 1497 ut
241 1444 322 1497 tenet
335 1435 427 1497 solem
438 1439 482 1498 sic
492 1435 653 1515 aquilonem
662 1435 771 1496 inhibet
782 1444 1011 1516 commovetque,
1028 1454 1114 1515 quan·

109 1529 226 1600 tumque
245 1518 350 1580 caloris
369 1528 434 1580 ante
453 1529 557 1580 tantum
577 1529 656 1581 retro
679 1519 804 1597 frigoris.
840 1517 975 1581 Similiter
987 1518 1114 1580 Africum

54 1621 59 1630 ·
72 1617 102 1670 15
110 1605 201 1681 sistit,
225 1613 312 1682 atque
332 1605 371 1664 ita
385 1604 594 1664 diversissimos
610 1613 713 1665 ventos
728 1603 814 1663 alium
833 1604 889 1665 ello
906 1604 996 1665 latere
1010 1604 1114 1682 frangit

111 1696 140 1747 et
155 1689 226 1748 linit.
248 1686 326 1749 llaec
342 1687 498 1748 iucunditas
514 1689 576 1748 eius
591 1686 697 1766 hieme,
712 1689 800 1748 maior
815 1696 934 1749 aestate.
962 1686 1033 1748 Nam
1047 1696 1113 1747 ante
1123 1704 1156 1757 18

110 1771 257 1832 meridiem
277 1780 408 1849 xystum,
434 1781 502 1851 post
520 1772 666 1833 meridiem
687 1772 855 1850 gestationis
870 1770 1003 1850 hortique
1017 1771 1113 1849 proxi-

109 1870 180 1915 mam
196 1864 307 1934 partem
321 1856 418 1916 umbra
435 1873 485 1915 sua
501 1864 656 1935 temperat,
678 1874 768 1934 quae,
784 1865 814 1915 nt
829 1854 891 1915 dies
907 1856 998 1915 crevit
1014 1854 1114 1914 decre·

110 1940 205 2016 vitre,
231 1938 319 1998 modo
339 1940 455 1999 brevior
475 1939 560 2000 modo
584 1940 699 2017 longior
719 1938 773 2000 hac
791 1937 839 1999 vel
862 1937 911 1999 illa
931 1938 1015 1999 cadit.
1047 1936 1113 2016 lpsa
1125 1952 1156 2005 19

73 2039 179 2093 rovere
191 2023 424 2102 cryptoporticus
437 2033 495 2084 tum
505 2025 623 2084 maxime
639 2033 717 2085 caret
731 2021 806 2101 sole,
823 2036 885 2082 cunr
900 2023 1113 2084 ardentissimus

111 2106 225 2166 culmini
244 2108 306 2165 cius
320 2107 433 2166 insistit.
460 2107 505 2168 Ad
521 2106 577 2168 hoc
594 2109 755 2186 patentibus
770 2106 905 2168 fenestris
920 2107 1051 2167 favonios
1067 2123 1113 2166 ac·

111 2191 179 2269 cipit
194 2193 412 2268 transmittitque
428 2209 483 2251 neo
501 2209 632 2270 umquam
647 2199 716 2252 aere
732 2189 817 2270 pigro
832 2200 862 2251 et
876 2199 1006 2250 manente
1021 2193 1114 2267 ingru-

110 2274 215 2334 vescit.
246 2272 279 2333 ln
299 2277 392 2353 capite
414 2276 490 2350 xysti
512 2275 649 2354 deinceps
673 2277 906 2355 cryptoporticus
927 2273 1001 2334 horti
1022 2273 1113 2334 diaeta
1122 2285 1157 2337 20

112 2366 167 2435 est,
185 2373 300 2417 amores
311 2360 381 2426 mei;
396 2375 512 2419 revera
527 2376 653 2420 amores:
669 2361 733 2437 ipse
748 2361 842 2438 posui.
870 2358 903 2420 ln
917 2358 971 2417 hec
985 2356 1113 2417 helioca-

73 2440 201 2509 armum
219 2441 332 2520 quidem
345 2441 399 2504 alia
412 2452 525 2518 xystum
539 2442 593 2503 alia
609 2460 685 2503 mare
699 2452 818 2522 utraque
833 2441 936 2519 solem,
953 2437 1115 2501 cubiculum

112 2533 207 2584 autem
218 2523 308 2585 valvis
322 2527 576 2606 cryptoporticum,
592 2526 717 2586 fenestra
730 2526 871 2604 prospiort
885 2541 973 2584 mare.
1008 2521 1114 2583 Contra
1123 2534 1156 2586 sl

113 2610 250 2684 parietem
269 2607 393 2670 medium
416 2609 538 2670 zotheca
557 2625 695 2690 perquam
716 2609 866 2686 eleganter
883 2607 1012 2686 recedit,
1040 2623 1114 2685 quae

113 2691 311 2770 specularibus
327 2701 356 2754 et
370 2692 444 2752 velis
461 2692 592 2754 obductis
612 2692 776 2753 reductisve
797 2691 881 2752 modo
903 2690 1023 2752 adicitur
1037 2690 1115 2750 cubi·

114 2773 180 2834 culo
198 2775 283 2836 modo
303 2776 439 2837 aufertur.
470 2776 587 2837 Lectum
601 2787 630 2838 et
648 2776 716 2836 duas
730 2775 877 2837 cathedras
895 2778 984 2854 cqrit:
1005 2774 1115 2854 apedi·

75 2857 168 2924 hobus
184 2875 278 2937 mare,
295 2878 312 2920 a
327 2869 411 2937 tergo
428 2859 530 2938 villae,
550 2879 567 2920 a
590 2861 682 2939 capite
699 2859 803 2921 silvae:
824 2867 866 2920 tot
881 2860 971 2920 iacies
985 2859 1116 2920 locorum

115 2942 232 3003 totidem
247 2943 381 3004 fenestris
403 2952 432 3003 et
452 2943 598 3022 distinguit
613 2953 642 3003 et
657 2946 768 3004 miscet.
798 2941 925 3004 Iunctum
939 2953 984 3004 est
999 2942 1114 3003 cubicu·
1124 2944 1158 2996 ss

115 3023 172 3083 lnm
185 3027 279 3087 noetis
296 3037 326 3088 et
342 3028 443 3088 somni.
461 3026 526 3088 Non
547 3024 617 3087 illud
637 3039 728 3088 voees
743 3027 939 3105 servolorum,
961 3044 1017 3086 non
1031 3025 1115 3084 maris

115 3123 253 3186 murmur,
273 3127 332 3170 non
345 3120 545 3188 tempestatum
560 3121 673 3189 motus,
690 3127 747 3171 non
761 3110 904 3190 fulgurum
918 3111 1013 3170 lumen
1030 3126 1064 3167 ac
1078 3123 1114 3167 ne

116 3190 190 3253 diem
202 3193 315 3272 quidem
335 3197 436 3272 sentit,
458 3195 512 3256 nisi
527 3195 662 3254 fenestris
676 3196 793 3274 apertis.
825 3194 893 3254 'lam
912 3192 961 3255 alti
972 3191 1115 3269 abditique

79 3278 222 3336 issecreti
242 3275 293 3339 illa
314 3279 404 3356 ratio,
426 3278 503 3355 quod
521 3279 693 3340 interiacens
711 3277 817 3339 andron
832 3279 969 3356 parietem
991 3273 1115 3335 cubiculi

118 3356 247 3439 hortique
257 3360 403 3439 distinguit
417 3372 502 3442 atque
513 3363 551 3422 ita
561 3380 673 3423 ornnem
685 3379 784 3422 sonum
795 3361 886 3421 media
898 3359 1029 3420 inanitate
1047 3372 1114 3417 con·

118 3444 218 3526 sumit,
229 3443 403 3522 Adplicitum
413 3454 458 3506 est
470 3444 604 3507 cubiculo
615 3445 814 3524 hypocauston
824 3443 1022 3522 perexiguum,
1039 3440 1114 3519 quod
1124 3452 1156 3504 23

118 3535 234 3604 angusta
246 3529 372 3590 fenestra
383 3531 562 3611 suppositum
574 3529 710 3607 calorem,
725 3537 756 3589 ut
767 3528 838 3588 ratio
851 3527 951 3604 exigit,
967 3534 1015 3586 aut
1026 3524 1103 3584 elfun
