2614 4104
223 262 288 328 234
527 259 561 323 G.
584 259 682 324 l’blNl
701 259 751 322 ET
773 259 930 324 TRAIANI

224 434 340 479 suorum
352 414 419 476 mibi
437 413 566 493 reliquit;
589 432 626 475 cx
642 414 744 492 quibus
755 431 830 492 rogo
844 414 935 476 tribus
948 415 1060 476 interim
1075 417 1122 477 ius
1141 416 1230 492 Quiri·

224 501 293 562 tium
307 499 368 561 des.
397 497 510 559 Vereor
524 499 600 558 enim
619 516 656 558 ne
674 500 712 559 sit
726 497 897 560 inmodicum
913 516 966 578 pro
981 499 1113 561 omnibns
1126 504 1230 580 pariter

224 586 358 645 iuvocare
378 581 579 662 indulgentiam
599 590 692 660 tuam,
720 600 775 661 qna
797 581 892 643 dobeo
913 591 989 642 tanto
1009 581 1172 647 modestius
1192 587 1228 645 uti
1285 647 1286 650 ,

224 677 328 748 querito
344 666 504 746 pleniorem
524 667 667 743 experior.
702 664 773 726 Sunt
794 675 888 726 autem
909 683 961 745 pro
983 666 1089 745 quibus
1110 677 1183 746 pcto
1198 668 1227 729 (l.

222 751 354 812 Valerius
373 748 530 827 Astraeus,
548 746 581 809 C.
601 747 734 810 Valerius
753 747 925 830 Dionysius,
941 746 975 809 d.
988 748 1124 812 Valerius
1142 754 1246 831 Aponi

636 880 815 961 curcur]

557 983 721 1035 TRAIANUS
739 981 843 1033 PLINIO
861 981 888 1031 S.

285 1082 357 1145 Gnm
376 1085 578 1150 honestissime
592 1088 628 1150 iis
645 1086 693 1164 qui
712 1085 786 1164 apud
804 1084 888 1148 iidem
902 1093 977 1144 tuam
994 1101 1011 1143 a
1025 1081 1148 1146 ValcrIo
1162 1085 1226 1148 Pau·

221 1169 281 1231 lino
298 1169 424 1249 depositi
441 1180 505 1234 sunt
521 1169 681 1232 consultum
694 1168 769 1229 velis
787 1179 895 1231 mature
911 1185 964 1246 per
978 1184 1042 1245 mc,
1062 1168 1100 1229 iis
1119 1171 1225 1232 intcn'm
1232 1183 1257 1234 1⁰
1287 1253 1288 1262 ἵ

221 1254 323 1332 quibus
334 1272 409 1316 nuno
420 1255 519 1334 petisti
531 1254 647 1316 dedisse
657 1271 703 1313 mc
714 1255 758 1313 ius
770 1251 918 1327 Qniritium
929 1251 1071 1312 referriin
1085 1270 1224 1316 commcn-
1287 1273 1288 1276 ¹

220 1339 307 1398 iarios
323 1355 404 1399 meos
419 1339 501 1418 inssi,
516 1338 591 1400 idem
605 1338 731 1399 facturus
745 1339 774 1397 in
789 1339 896 1399 ceteris
913 1353 966 1418 pro
981 1336 1086 1415 quibus
1099 1340 1223 1416 petieris.

620 1469 696 1532 on.
716 1469 829 1551 [nvn]

441 1568 469 1620 U.
484 1568 610 1621 PLINIUS
629 1569 774 1621 TRAIANO
790 1569 998 1623 IMPERATORI.
1229 1599 1253 1650 15
1288 1587 1289 1590 ¹

284 1671 429 1751 Rogatus,
450 1672 579 1752 domine,
600 1692 617 1734 a
636 1672 666 1733 l'.
683 1673 760 1734 Attio
775 1672 893 1752 Aquila,
915 1677 1083 1738 centurione
1100 1678 1221 1740 cohortis

219 1766 320 1817 sextae
335 1759 491 1835 equestris,
508 1766 539 1818 nt
552 1759 692 1817 mitterem
705 1758 756 1817 tibi
771 1755 898 1819 libellum
912 1776 966 1837 pcr
979 1778 1064 1838 quem
1076 1761 1220 1841 Indulgen-

219 1843 287 1901 tiam
299 1858 352 1920 pro
367 1851 441 1902 statu
453 1841 528 1902 filiae
544 1860 613 1904 snac
624 1839 766 1918 inploret,
788 1839 888 1903 durum
902 1845 998 1921 putavi
1010 1862 1140 1924 negare,
1163 1865 1220 1907 cum
1289 1851 1290 1868 l

220 1926 324 1984 scirem
346 1935 476 2002 quantam
494 1925 607 1987 soleres
623 1924 742 1986 militum
764 1925 901 2004 precibus
920 1928 1084 2005 patientiam
1099 1929 1219 1990 bumari-

220 2014 363 2085 talemque
378 2017 535 2086 praestare.
1225 2025 1252 2077 tt

595 2124 681 2187 cvii.
705 2123 831 2204 [omn]

554 2225 717 2276 TRAIANUS
732 2227 838 2278 PLlNIO
855 2227 884 2279 S.

280 2321 419 2385 libellum
429 2325 459 2386 Ρ.
470 2326 541 2388 Attii
554 2327 685 2407 Aquilae,
699 2332 872 2393 centurionis
884 2334 1011 2396 cohortis
1022 2347 1122 2399 sextae
1135 2359 1219 2420 equo·

219 2410 298 2486 stris,
314 2427 399 2489 quem
413 2411 479 2470 mibi
492 2412 604 2490 misisti,
621 2412 695 2490 logi:
712 2416 793 2475 cuius
808 2417 945 2493 precibus
960 2430 1054 2482 motus
1068 2420 1135 2483 dedi
1148 2423 1251 2486 bliacti

218 2493 280 2552 eius
295 2493 439 2554 civitatem
457 2493 618 2556 Romanam.
650 2494 790 2558 libellum
810 2503 946 2581 rescripti
966 2523 1050 2584 quem
1064 2504 1106 2566 illi
1119 2508 1219 2570 redde·

216 2593 265 2636 res
280 2577 343 2636 misi
357 2578 417 2638 tibi.

587 2659 686 2722 cvm.
711 2661 850 2748 [ovilli]

440 2757 467 2808 0.
484 2758 608 2811 PLINIUS
625 2761 768 2814 TRAlANO
788 2765 996 2820 lMPRRATORl.

193 2851 209 2904 1
280 2836 354 2912 Quid
374 2840 480 2903 babcrc
501 2845 570 2905 iuris
589 2845 662 2908 volis
683 2857 713 2908 ot
733 2848 866 2925 Bithynas
887 2862 916 2913 ct
935 2852 1068 2915 Ponticas
1090 2857 1254 2918 civitatesit

216 2922 413 2999 indulgentiis
437 2929 567 3004 pecuniis
593 2929 744 3008 quasillis
766 2933 815 2994 vel
840 2954 878 2999 or
902 2935 1093 2999 locationibus
1114 2938 1166 3000 vel
1184 2958 1222 2999 er

215 3003 425 3067 venditionibus
444 3007 545 3072 aliisve
564 3015 657 3074 causis
678 3015 835 3078 debeantur
856 3037 945 3100 rogo,
968 3021 1097 3099 dominc,
1114 3027 1221 3084 rescri-

214 3089 276 3152 bas.
304 3087 370 3168 Ego
385 3093 479 3152 inveni
493 3112 510 3154 a
525 3093 671 3176 plerisque
687 3101 905 3178 proconsulibus
921 3121 1089 3166 concessam
1102 3107 1138 3168 iis
1155 3125 1220 3187 pro

192 3177 362 3255 ttopraxiau
378 3194 498 3256 eamque
513 3197 566 3257 pro
577 3178 646 3257 lege
659 3183 792 3245 valuisse.
825 3185 966 3249 Existimo
981 3197 1077 3250 tamen
1090 3198 1139 3252 tua
1153 3209 1221 3270 pro·

214 3258 338 3320 videntia
353 3262 581 3323 constituendum
595 3263 700 3344 aliquid
714 3276 744 3329 et
760 3270 960 3347 sanciendum,
983 3290 1037 3350 por
1052 3273 1129 3352 quod
1143 3275 1254 3339 utili-³5

213 3342 317 3403 tatibus
339 3362 437 3405 eorum
459 3347 487 3406 in
511 3357 680 3426 perpetuum
704 3351 875 3414 consulatur.
908 3352 980 3414 Nam
1001 3374 1074 3435 quae
1096 3367 1165 3419 sunt
1183 3359 1219 3419 ab

213 3424 271 3487 illis
286 3428 427 3506 instituta,
449 3431 504 3491 sint
520 3429 589 3492 licet
608 3433 753 3510 sapienter
768 3435 891 3516 indultu,
911 3437 1009 3500 breuia
1023 3449 1116 3502 muron
1130 3452 1162 3502 et
1177 3443 1217 3502 in·

214 3508 291 3567 lirma
306 3519 382 3587 sunt,
398 3513 452 3571 uisi
466 3511 523 3572 illis
538 3521 585 3575 tna
600 3517 739 3594 contingit
754 3521 923 3584 auctoritas:
