2614 4104
208 283 271 348 aar
507 282 540 346 o.
562 283 660 345 rurur
681 284 731 345 ur
754 283 912 368 aarum

206 447 267 513 rat,
283 437 450 516 confugisse
464 436 500 497 ad
518 446 594 498 tuam
607 447 727 499 statuam
741 438 969 518 perductumque
983 439 1019 500 ad
1032 439 1215 516 magistratus

207 520 349 582 iudicasse
362 523 490 582 servisse
504 520 654 600 aliquando
669 519 927 583 baberio'llaximo
943 532 1112 602 captumque
1128 540 1147 582 a
1161 523 1216 582 Su·

208 623 279 683 sago
299 607 328 665 in
347 604 458 667 blocsia
479 615 508 664 et
529 623 546 664 a
564 603 716 666 Decebalo
735 609 844 666 muneri
866 609 983 667 missum
999 604 1123 677 Pacoro,
1148 606 1217 666 Par·

207 689 283 750 tbiae
298 691 371 765 regi,
387 688 575 766 pluribusque
589 692 669 750 annis
685 691 714 748 in
729 691 887 752 ministerio
903 692 964 750 cius
979 691 1088 768 luisse,
1110 689 1217 751 deinde

184 773 322 850 alugisse
337 781 422 850 atque
437 773 476 831 ita
495 773 524 831 iu
545 771 739 833 Nicomediam
760 774 939 851 pervenisse.
968 772 1060 846 Quem
1075 791 1132 851 ego
1149 785 1237 852 per-5

209 857 323 917 ductum
345 854 380 914 ad
399 874 463 931 me,
492 874 555 916 oum
576 857 676 917 eadem
695 866 856 934 narrasset,
885 856 1051 918 mittendum
1064 857 1100 917 ad
1116 867 1149 918 te
1166 875 1217 937 pu-

211 941 282 1007 tavi;
301 938 377 1016 quod
396 938 482 1018 paulo
501 939 608 1000 tardius
630 941 703 1016 leel,
732 940 797 1000 dum
816 942 932 1019 roquIro
952 957 1108 1019 gemmam,
1131 960 1218 1020 quam

213 1023 267 1084 sibi
281 1020 432 1083 habentem
446 1025 596 1099 imaginem
618 1023 717 1092 Pacori
738 1024 884 1102 atquibus
902 1034 1016 1085 ornatus
1031 1025 1135 1086 luisset
1149 1025 1216 1086 sub·

187 1115 328 1174 attractam
344 1106 494 1167 indicabat.
528 1106 612 1167 Volui
633 1109 707 1168 enim
726 1107 798 1167 bauo
820 1125 953 1186 quoque,
976 1109 1001 1169 si
1021 1109 1140 1168 inveniri
1163 1127 1216 1187 po·

208 1191 328 1267 tuisset,
347 1189 429 1251 simul
447 1192 576 1268 mittere,
598 1193 673 1251 sicut
693 1190 839 1270 glebulam
860 1193 923 1252 misi
941 1209 1023 1270 quam
1043 1210 1077 1253 se
1097 1210 1134 1252 ox
1149 1191 1253 1254 Par-to

207 1274 284 1335 tbioo
300 1273 416 1334 metallo
436 1273 565 1336 attulisse
582 1275 703 1335 dicebat.
735 1275 851 1353 SIgnata
868 1285 913 1336 est
927 1274 1011 1335 anulo
1027 1293 1109 1354 meo,
1131 1277 1217 1336 euius

207 1368 253 1420 est
269 1357 501 1437 aposphragisma
515 1357 659 1436 quadriga.

548 1491 659 1552 uxxv.
682 1491 870 1571 [uxxvuuq

426 1589 452 1640 G.
471 1589 595 1642 PLINIUS
612 1592 758 1643 TRAIANO
775 1590 982 1645 IMPERATORI.
1223 1615 1250 1666 15

186 1710 201 1759 1
270 1691 369 1770 lulius,
386 1690 513 1769 domiue,
529 1691 636 1769 Largus
655 1712 691 1752 ex
705 1692 795 1755 l’onto
813 1693 936 1754 noudum
949 1693 1017 1752 mibi
1033 1692 1112 1752 visus
1126 1709 1164 1752 ae
1178 1710 1214 1752 ue

207 1777 317 1838 auditus
333 1775 446 1855 quidem
464 1775 593 1854 (sollicet
613 1775 718 1838 iudicio
739 1787 790 1838 tuo
813 1776 948 1857 eredidit)
972 1775 1214 1855 dispensationem

208 1861 346 1939 quandam
366 1859 432 1919 mibi
453 1869 568 1936 ergata
589 1861 702 1939 pietatis
721 1880 790 1922 suae
804 1862 1048 1938 ministeriumque
1063 1858 1212 1919 mandavit.

181 1942 330 2020 aliogavit
351 1945 425 2002 enim
446 1950 615 2004 testamento
632 1953 662 2004 ut
682 1944 868 2006 hereditatem
888 1963 967 2006 suam
987 1944 1095 2004 adirem
1110 1960 1213 2002 oerne-

207 2044 325 2105 remque
343 2044 378 2086 ac
405 2024 506 2086 deinde
531 2029 695 2105 praeceptis
718 2031 918 2108 quinquagInta
938 2027 1051 2087 milibus
1071 2039 1250 2090 nummumlo

206 2109 347 2188 reliquum
368 2127 450 2168 omne
471 2108 703 2172 Heracleotarum
718 2122 748 2172 et
767 2111 917 2172 Tianorum
933 2110 1094 2171 ciuitatibus
1108 2110 1213 2170 redde·

206 2211 278 2272 rem,
295 2195 334 2254 ita
344 2203 375 2253 ut
390 2203 469 2254 esset
484 2193 590 2254 arbitrii
605 2197 661 2255 mei
673 2205 764 2256 utrum
780 2213 869 2276 opera
883 2194 1014 2256 faelenda
1025 2211 1098 2274 quae
1108 2193 1212 2254 honori

206 2287 256 2338 tuo
285 2286 523 2338 consecrarentur
548 2288 677 2356 putarem
707 2299 742 2339 an
769 2279 957 2340 instituendos
984 2277 1213 2356 quinquennales

207 2379 314 2440 agonas
329 2362 376 2440 qui
392 2360 501 2422 Traiani
514 2361 738 2441 appellarentur.
775 2362 860 2437 Quod
873 2365 902 2424 in
914 2364 1041 2423 notitiam
1054 2371 1131 2422 tuam
1143 2379 1212 2440 per·

206 2444 354 2506 ferendum
375 2447 531 2506 existImavi
548 2446 586 2506 ob
606 2445 663 2506 boo
684 2449 821 2524 maxime,
843 2459 873 2508 ut
893 2447 1053 2527 dispiceres
1072 2444 1139 2524 quid
1159 2444 1248 2512 oli-as

205 2547 277 2607 gere
293 2529 422 2589 debeam.

567 2662 691 2725 uxxvr
715 2661 849 2742 [uxxrs]

539 2760 703 2815 TRAIANUS
720 2761 826 2813 PLINIO
844 2762 871 2818 S.

267 2861 355 2922 lulius
375 2861 482 2940 Largus
503 2864 587 2924 iidem
607 2874 700 2944 tuam,
721 2867 802 2944 quasi
820 2875 850 2926 te
870 2863 945 2925 bona
967 2874 1083 2941 nosset,
1107 2863 1248 2942 elegitao

207 2946 282 3021 Quid
296 2963 368 3024 crgo
388 2948 565 3025 potissimum
580 2946 614 3008 ad
636 2951 856 3028 perpetuitatem
871 2949 1026 3008 memoriae
1040 2950 1102 3010 eius
1122 2948 1209 3009 laciat

206 3029 362 3093 secundum
378 3031 516 3109 cuiusque
530 3030 589 3092 loai
604 3032 795 3094 conditionem
807 3034 872 3110 ipse
886 3030 1008 3110 dispice,
1022 3041 1052 3092 et
1069 3032 1144 3112 quod
1157 3049 1210 3111 po·

204 3117 343 3177 tissimum
357 3115 574 3192 existimaveris,
592 3116 622 3176 id
634 3135 770 3195 sequere.

550 3247 858 3327 saxu-cxxc]
1215 3289 1247 3344 ³,

426 3347 453 3398 C.
473 3347 599 3398 PLINIUS
615 3346 760 3399 TRAIANO
776 3346 987 3400 IMPERATORI.

180 3463 195 3514 1
267 3448 536 3528 l'rouideutissime,
551 3450 681 3527 domine,
700 3451 796 3511 iselsti
810 3449 886 3529 quod
897 3448 1073 3528 praccepIsti
1088 3447 1206 3528 Calpur·

205 3534 252 3590 nio
269 3529 378 3608 blaero,
394 3531 552 3593 clarissimo
566 3534 639 3611 uiro,
655 3543 685 3594 ut
696 3533 881 3612 legionarium
894 3533 1089 3594 centurionem
1099 3531 1207 3608 lipsan-
