2632 4096
220 260 281 326 108
641 259 677 320 0.
701 257 799 320 rutro

217 413 271 476 lata
286 411 321 473 atl
338 421 477 473 mortuum
492 411 652 490 pertinent,
675 410 727 472 seu
741 412 954 490 pertinuerunt,
975 427 1039 470 curu
1053 419 1226 489 moreretur,

219 499 362 576 pertinent
382 491 485 556 albos
502 497 549 573 qui
565 504 727 574 supersunt.
751 492 809 553 lam
823 493 900 572 quod
914 495 943 553 in
964 494 1035 554 ilore
1057 496 1148 572 primo
1167 504 1227 554 tau·

218 591 264 642 tac
281 579 383 640 indolis
400 581 510 640 iuvenis
526 579 670 640 extinctus
686 587 749 654 est,
771 595 878 637 summa
894 587 1114 655 consecuturus,
1130 579 1155 638 si
1169 580 1228 636 vir·

193 666 295 725 btutes
314 666 376 724 eius
390 664 601 722 maturuissent.
631 661 696 735 Quo
716 660 767 720 ille
785 660 941 722 studiorum
961 678 1058 722 amore
1074 659 1230 739 flagrabat!

221 758 355 827 quantum
367 744 456 824 legit,
478 753 611 824 quantum
626 747 710 806 etiam
726 743 857 823 scripsit!
878 760 951 824 quae
962 763 1038 806 nuuc
1053 747 1146 805 omuia
1162 753 1253 806 curuo

193 829 285 910 6ipso
304 832 367 891 siue
387 829 481 890 imctu
504 830 680 908 posteritatis
695 829 832 889 abierunt.
864 827 922 888 Sed
934 828 1001 908 quid
1016 846 1072 908 ego
1087 827 1230 907 indulgeo

220 910 333 975 dolori?
357 915 403 974 cui
416 914 442 973 si
462 913 559 974 banos
579 915 722 989 remittas,
742 909 820 971 nullu
834 913 950 972 materia
964 930 1020 973 non
1035 914 1157 973 maxima
1172 923 1230 973 est

219 997 318 1058 Finem
335 995 476 1076 epistulae
489 995 607 1074 faciam,
629 1006 660 1057 ut
673 997 771 1058 iacere
787 996 897 1073 possim
913 998 996 1057 etiam
1013 995 1137 1058 lacrimis
1157 1014 1230 1076 quas
1294 993 1295 998 ’

220 1080 343 1161 epistula
357 1081 511 1160 expressit.
544 1078 627 1140 Vale.

617 1273 828 1285 ...σηοω-ιι·

438 1437 1014 1526 c.aumtcruoru1suotuo1

342 1607 1109 1724 llll'lllllltllll
1239 1605 1267 1658 ¹⁵

589 1800 686 1856 blllllli
709 1799 854 1855 SEXTUS.

709 1960 732 2020 1.

513 2059 540 2112 G.
560 2061 686 2112 PLINIUS
704 2059 814 2111 TIRONI
830 2059 890 2112 SUO
907 2059 934 2111 S.

199 2175 213 2225 1
287 2161 377 2236 Quam
389 2161 436 2222 sliu
450 2179 507 2240 ego
522 2172 599 2223 tram
609 2162 724 2240 Padurn,
736 2171 766 2223 tu
780 2164 808 2222 iu
819 2162 937 2240 l'iceuo,
949 2164 1040 2223 miuus
1056 2173 1085 2222 te
1097 2165 1232 2241 require·

223 2248 303 2306 bam:
317 2255 468 2325 postquam
484 2263 541 2324 ego
557 2248 586 2306 iu
601 2247 684 2325 urbe,
700 2255 730 2306 tu
745 2246 837 2306 adbuc
848 2247 876 2306 iu
887 2245 1005 2324 Piceno,
1016 2244 1104 2307 multo
1119 2248 1232 2325 magis:

224 2347 276 2391 scu
289 2329 369 2411 quoti
382 2332 445 2409 ipsa
464 2329 530 2390 loca
547 2331 577 2389 in
597 2331 700 2409 mribus
721 2349 788 2392 esse
802 2345 857 2390 uua
873 2328 1000 2392 solemus
1015 2333 1109 2391 acrius
1125 2335 1232 2391 metui

224 2422 420 2492 commouent,
440 2433 492 2474 seu
512 2414 588 2493 quod
609 2414 780 2475 desiderium
800 2414 957 2476 absentium
971 2413 1041 2475 nihil
1056 2414 1176 2494 perinde
1192 2431 1271 2486 acas

223 2499 353 2559 vicinitas
373 2499 466 2575 acuit,
490 2515 604 2577 quoque
626 2500 744 2578 propius
764 2501 925 2560 accesseris
945 2498 980 2558 ad
1000 2515 1081 2578 spem
1102 2498 1229 2576 fruendi,

199 2581 281 2643 thoe
301 2584 489 2661 impatientius
514 2600 622 2642 careas.
658 2581 800 2661 Quidquid
820 2584 848 2642 iu
868 2599 971 2658 causa,
992 2585 1073 2662 eripe
1094 2600 1140 2643 me
1161 2581 1231 2642 huic

223 2673 379 2726 tormento:
395 2667 472 2744 veui,
484 2675 532 2726 aut
547 2683 604 2744 ego
620 2663 690 2725 illuc
700 2665 775 2726 unde
790 2666 952 2727 inconsulte
966 2667 1118 2745 properari
1129 2684 1230 2726 rever·

224 2758 277 2826 tar,
291 2747 339 2810 vel
353 2750 391 2809 ob
406 2749 462 2810 boc
476 2748 569 2810 solum
584 2760 614 2810 ut
625 2751 757 2828 experiar
770 2767 804 2809 au
818 2749 895 2827 mibi,
914 2766 977 2810 cum
988 2751 1050 2810 siue
1061 2767 1107 2810 me
1118 2747 1230 2810 Romae

224 2834 358 2910 coeperis
376 2849 454 2909 csse,
469 2831 578 2893 similes
592 2832 636 2894 his
651 2831 789 2912 epistulas
806 2836 910 2894 mittas.
941 2831 1023 2894 Vale.
1237 2857 1272 2910 30

707 2957 770 3028 11·ss

1239 2020 1270 2072 ²⁰
1308 2037 1310 2134 l

495 3065 523 3121 G.
543 3066 669 3120 PLINIUS
684 3065 832 3120 numano
849 3065 909 3119 SUO
927 3065 954 3120 S.

197 3174 212 3225 l
285 3168 374 3229 Soleo
389 3186 445 3230 uon
459 3187 608 3250 numquam
622 3172 650 3230 in
664 3171 775 3233 iudiciis
787 3189 927 3251 quaerere
938 3169 978 3230 ll.
989 3169 1143 3248 Regulum,
1157 3167 1230 3231 nolo

196 3253 298 3312 terrim
312 3251 426 3330 dicere,
449 3254 622 3316 desiderare.
657 3253 716 3315 Gur
733 3272 804 3334 ergo
819 3252 947 3334 quaero?
979 3253 1108 3316 Habebat
1126 3253 1271 3322 studiisss

223 3334 378 3415 bonorem,
399 3338 533 3418 timebat,
552 3338 696 3417 pallebat,
718 3340 878 3417 scribebat,
899 3341 1026 3418 quamvis
1048 3355 1105 3398 uon
1125 3347 1231 3417 posset

224 3417 364 3481 ediscere.
398 3420 472 3481 Illud
494 3424 604 3502 ipsum,
626 3421 703 3501 quod
717 3422 830 3482 oculum
842 3422 929 3482 modo
944 3421 1075 3483 dextmm
1087 3419 1173 3482 molo
1191 3423 1229 3482 si·

222 3503 340 3562 uistrum
354 3505 585 3585 circumlinebat,
608 3504 755 3584 dextrum,
777 3507 801 3566 si
821 3507 992 3585 apetitore,
1015 3505 1153 3586 altcmm,
1169 3507 1195 3566 si
1213 3521 1230 3565 a
