2632 4096
322 249 831 329 eunomianorumque.)
1018 249 1079 314 107

76 402 192 463 (lationis
207 411 237 462 et
254 401 373 465 detrabit
385 412 415 462 et
428 401 520 462 adiert
533 403 680 480 memoria,
694 419 762 478 vox,
778 412 889 481 gestus,
907 412 1021 480 tempus
1037 403 1079 481 ip-

75 503 151 563 sum,
175 496 327 563 postremo
341 485 389 546 vel
405 502 484 546 amor
498 483 546 545 vel
564 485 658 544 odium
672 486 730 547 rei:
756 485 831 546 liber
846 487 982 563 eliensis,
1005 484 1080 546 liber

76 571 177 646 gratim
197 568 274 630 liber
288 580 318 630 et
332 568 465 630 secundis
481 569 594 628 nasibus
609 578 638 629 et
652 569 781 629 adversis
801 579 889 630 earet.
920 567 1104 648 Responditt

76 652 138 712 mibi
152 652 292 713 Fonteius
307 652 438 730 Magnus,
453 670 525 713 unus
541 671 579 712 ex
593 652 733 730 Bithynis,
747 651 875 732 plurimis
886 653 994 731 verbis,
1010 670 1079 732 pau·

55 737 196 797 teissimis
213 736 314 798 rebus.
341 735 395 798 Est
408 735 556 816 plerisque
574 733 764 813 Graecorum,
787 746 818 796 ut
838 736 898 815 illi,
924 753 977 815 pro
995 738 1079 814 copia

74 818 252 880 volubilitas:
272 829 327 880 tam
341 818 442 897 longas
460 829 572 898 tamque
593 819 710 897 frigidas
727 819 881 898 perihodos
903 837 960 879 uno
977 821 1077 898 spiritu

75 905 151 981 quasi
167 912 299 963 torrente
320 912 517 982 contorquent.
551 903 650 980 ltaque
665 902 753 964 lulius
770 901 912 964 Candidus
928 921 986 964 uon
999 905 1102 964 iuvet

75 995 154 1046 nuste
174 986 255 1047 solet
276 986 374 1048 linere
388 985 463 1046 aliud
477 1004 544 1047 esse
568 986 776 1065 eloquentiam,
799 986 874 1047 aliud
894 989 1077 1067 loquentiam.

76 1068 141 1129 Nam
157 1069 324 1150 eloquentia
338 1073 386 1130 vix
399 1071 448 1130 uni
462 1079 510 1130 aut
524 1069 623 1148 alteri,
638 1073 739 1148 immo,
757 1073 782 1131 si
795 1070 834 1130 bt.
847 1072 970 1133 Antonio
988 1071 1078 1132 eredi-

43 1168 151 1230 1omns,
172 1155 296 1232 nemini,
320 1154 392 1214 haee
411 1170 481 1214 vero
503 1171 585 1232 quatu
600 1152 741 1215 (laudidus
759 1152 932 1233 loquentiam
952 1154 1079 1235 appellat

76 1235 165 1298 multis
191 1236 287 1316 adque
308 1238 391 1298 etiam
416 1237 651 1316 inpudentissimo
674 1241 777 1316 euique
805 1240 924 1298 maxime
949 1241 1075 1316 contigit.

77 1318 192 1380 l'ostero
216 1321 264 1381 die
281 1320 350 1380 dixit
369 1337 422 1400 pro
436 1321 550 1381 Vareno
570 1320 719 1382 Homullus
741 1320 845 1381 callide
860 1323 965 1382 aeriter
987 1321 1100 1397 enites

80 1413 171 1463 eontra
184 1403 321 1482 Nigrinus
336 1423 437 1484 presse
449 1406 574 1482 graviter
589 1414 696 1466 ornate.
717 1403 836 1466 Censuit
846 1405 957 1466 Acilius
972 1403 1075 1482 liuius,

80 1487 173 1547 eonsnl
188 1487 373 1566 designatus,
388 1489 599 1567 inquisitionem
613 1489 741 1564 Bithynis
756 1488 887 1551 dandam:
909 1489 1076 1568 postulatio·

46 1575 140 1629 ionem
151 1571 258 1633 Vareni
272 1572 387 1633 silentio
402 1573 558 1649 praeteriit.
585 1571 665 1634 llaeo
679 1573 769 1633 forma
782 1574 904 1651 negandi
919 1574 982 1634 luit.
1005 1571 1099 1633 Cor-7

79 1653 164 1716 nelins
183 1655 302 1718 Priscus
324 1655 479 1718 consularis
500 1666 529 1716 et
551 1657 763 1717 aoousatoribus
789 1675 862 1736 qnae
886 1657 1022 1735 petebant
1047 1665 1076 1717 et

79 1753 126 1796 reo
138 1740 247 1818 tribuit,
265 1741 391 1818 uioitque
405 1757 532 1800 numero.
553 1739 766 1819 Impetravimus
780 1759 841 1800 rem
854 1759 909 1801 neo
924 1739 992 1818 lege
1009 1757 1076 1801 oon·

79 1821 244 1897 prehensam
260 1841 315 1883 nee
335 1825 403 1884 satis
421 1826 567 1902 usitatam,
593 1827 694 1885 iustam
715 1833 815 1885 tamen.
848 1823 943 1897 Quare
964 1825 1101 1902 iustam,8

78 1919 204 1966 nonaum
218 1906 342 1986 epistula
356 1917 555 1985 exsecuturus,
572 1917 603 1968 ut
618 1908 766 1969 desideres
785 1910 936 1968 astionem.
966 1905 1036 1968 Nem
1052 1909 1076 1967 si

48 1993 171 2049 tororum
186 2001 231 2052 est
249 1989 428 2051 Homerioum
442 1991 512 2054 illud

157 2067 220 2154 τὴν
232 2068 297 2154 γὰρ
309 2065 429 2154 ἀοιδὴν
442 2075 570 2154 μᾶλλον
581 2064 790 2136 ἐπικλείουσ”
800 2065 990 2155 ἅνθρωποι,

157 2147 178 2236 ἦ
195 2177 247 2230 τις
258 2149 477 2219 ἀκουόντεσσι
489 2151 635 2236 νεωτάτη
648 2149 882 2238 ἀμφιπέληται,

82 2240 279 2312 prouidendum
293 2252 339 2303 est
353 2242 420 2301 mibi
434 2261 471 2303 ne
485 2244 602 2320 gratiam
615 2244 746 2305 neumis
761 2252 790 2303 ot
801 2243 912 2320 liorem,
930 2261 1002 2322 quae
1014 2259 1078 2302 ora·

82 2320 227 2385 timenem
241 2326 318 2386 illam
331 2325 379 2386 vel
394 2327 512 2386 maxime
530 2327 723 2405 commendat,
747 2326 888 2406 epistulae
903 2325 1076 2406 loquacitate

49 2412 268 2489 aspraeeerpam.
305 2408 386 2471 Vale.

469 2541 546 2604 run.
563 2541 678 2622 [vnn]

329 2640 356 2691 G.
375 2639 502 2692 PLINIUS
519 2639 700 2693 SATURNINO
718 2641 779 2693 SUO
798 2641 825 2692 S.

140 2737 222 2803 Varie
243 2760 289 2803 me
304 2741 471 2804 adleoerunt
491 2743 603 2804 litterae
625 2753 706 2804 tuae:
730 2760 792 2802 nam
813 2744 912 2822 partim
926 2741 1000 2803 laeta
1013 2757 1099 2821 par-1

55 2819 128 2882 botin
146 2825 233 2885 tristia
249 2827 445 2888 continebant:
473 2826 562 2906 laeta,
587 2827 664 2907 quod
683 2835 711 2888 te
731 2829 760 2886 in
775 2827 845 2887 urbe
865 2828 956 2887 tenori
969 2828 1077 2887 nuntia·

88 2899 158 2975 bantt
172 2907 303 2970 ‘nollem’
320 2912 430 2989 inquis,
452 2911 504 2971 sed
522 2927 578 2989 ego
593 2909 676 2970 volo:
698 2919 863 2990 praeterea,
884 2911 959 2989 quod
973 2913 1078 2972 reoita·

89 2990 169 3049 lurum
181 2995 272 3053 statim
286 3004 317 3054 ut
330 2995 475 3054 venissem
486 2993 710 3072 pollieebantur;
734 3012 790 3072 ago
806 2996 910 3072 gratias
934 2993 1011 3074 quod
1026 3013 1076 3054 ex·

90 3079 187 3142 pretor.
219 3075 312 3138 Triste
331 3077 402 3138 illud
422 3079 498 3158 qnod
512 3077 600 3139 lulius
614 3077 720 3138 Valens
734 3081 859 3156 graviter
874 3078 964 3147 iaoet;
981 3088 1100 3155 quam-t

91 3167 161 3227 qnam
179 3176 215 3220 ne
237 3161 294 3221 hoe
315 3160 428 3240 quidem
445 3162 543 3240 triste,
570 3164 594 3223 si
616 3160 692 3222 illins
715 3161 880 3224 utilitatibus
901 3161 1075 3236 aestimetur,

58 3231 160 3299 meurs
177 3243 295 3305 interest
315 3262 398 3324 qnam
418 3247 604 3306 maturissime
624 3245 818 3324 inexplicabili
835 3244 935 3304 morbo
951 3243 1074 3304 liberari.

90 3312 153 3412 Illud
166 3324 246 3402 plane
262 3345 318 3388 non
332 3328 413 3390 triste
428 3328 522 3389 solum
535 3346 635 3390 rernm
649 3331 733 3390 etiam
747 3328 910 3389 luctuosum
932 3325 1008 3405 quotl
1028 3324 1098 3391 lu-3

91 3395 137 3462 lus
149 3405 243 3472 Avitus
259 3410 395 3490 desueuit,
411 3411 476 3472 dnm
493 3431 532 3473 ex
545 3423 697 3493 quaestura
710 3412 800 3489 redit,
817 3411 943 3472 deesssit
956 3413 985 3470 in
999 3411 1074 3486 naui,

92 3489 180 3558 procul
193 3512 208 3554 a
219 3495 305 3556 fratre
320 3497 521 3575 amantissimo,
535 3496 636 3573 presul
648 3515 664 3557 a
678 3504 778 3574 matre,
793 3514 810 3555 a
824 3494 979 3557 sororibus.
999 3491 1100 3555 Nihili
