2616 4096
232 281 294 344 luc
660 278 694 341 G.
717 279 814 342 l’LlNl

231 435 321 513 ribus,
337 441 378 511 ut,
394 433 522 513 quamvis
536 430 605 491 nihil
620 434 766 510 ceperim,
781 451 838 493 non
855 431 924 494 nibil
939 431 1071 492 referam.
1103 431 1222 492 Deteret

232 517 354 596 colonis,
369 525 401 578 ιιι
409 516 522 576 videtur
535 517 617 596 ipsis,
632 534 689 576 non
703 519 772 579 satis
783 520 932 597 ternomio,
944 531 1066 596 quorum
1076 514 1142 576 mibi
1153 533 1223 593 agre

232 612 294 664 stes
308 600 455 682 querellae
471 598 580 662 litteras
601 609 713 661 nostras
731 610 760 661 et
780 601 852 664 baec
873 602 978 662 urbana
992 617 1083 680 opera
1098 617 1224 660 commen·

232 686 308 748 dant.
340 684 422 745 Vale.

662 767 805 828 XXXVII.
1232 761 1242 810 ⁵

512 865 539 916 o.
555 865 681 919 nnm1us
694 866 834 918 runcino
851 865 914 918 suo
932 865 959 918 a.

207 979 222 1030 1
295 970 358 1030 Nec
373 978 438 1030 tuae
453 979 568 1030 naturae
583 979 629 1032 est
642 969 814 1030 translaticia
826 968 900 1030 baec
915 979 943 1030 et
958 973 1038 1050 qnasi
1054 969 1166 1049 publica
1176 966 1226 1025 offi-

234 1057 277 1115 cia
293 1072 310 1114 a
327 1053 511 1115 familiaribus
530 1055 628 1114 amicis
645 1063 743 1114 contra
762 1055 889 1134 ipsorum
909 1055 1091 1115 commodum
1111 1054 1225 1130 exigere,

233 1147 262 1199 et
277 1154 333 1215 ego
348 1148 378 1199 te
402 1140 576 1199 constantius
597 1154 659 1198 amo
684 1155 766 1217 quam
786 1146 818 1197 ut
836 1155 938 1198 verear
956 1157 994 1198 ne
1010 1137 1139 1200 aliterac
1153 1133 1227 1194 velim

232 1224 376 1303 accipias,
397 1225 450 1284 nisi
471 1232 501 1283 te
515 1220 651 1283 Kalendis
669 1223 760 1282 statim
778 1221 927 1282 consulem
939 1221 1055 1292 videro;
1072 1219 1256 1300 praesertinll

234 1325 297 1368 cum
311 1326 357 1368 me
374 1309 534 1368 necessitas
549 1305 732 1368 locandorum
746 1305 925 1384 praediorum
944 1305 1043 1384 plures
1061 1323 1150 1369 annos
1166 1300 1227 1362 ordi·

207 1398 330 1454 anatura
346 1391 487 1468 detineat,
509 1393 538 1449 in
554 1408 607 1468 qua
628 1389 695 1450 mibi
709 1404 781 1450 nova
797 1389 915 1451 consilia
926 1390 1062 1450 sumenda
1074 1398 1148 1450 sunt.
1169 1384 1226 1445 Nan

233 1477 330 1554 priore
352 1473 461 1552 lustro,
490 1491 657 1552 quamquam
677 1483 745 1552 post
763 1491 879 1552 magnas
900 1476 1105 1552 remissiones,
1132 1470 1227 1548 reliqua

234 1566 402 1619 creverunt:
416 1557 482 1618 inde
499 1557 646 1637 plerisque
661 1557 736 1618 nulla
751 1560 805 1618 iam
818 1576 884 1618 cura
900 1559 1041 1619 minuendi
1056 1559 1135 1619 aeris
1145 1553 1225 1627 alieni,

234 1642 310 1724 qnod
331 1643 485 1722 desperant
503 1659 594 1721 posse
615 1641 758 1723 persolvi;
780 1645 891 1722 rapiunt
911 1645 995 1703 etiam
1012 1648 1226 1717 consumuntque
1234 1642 1254 1693 lt

207 1727 421 1806 aqueductum
436 1734 491 1804 est,
509 1736 540 1787 ιιι
556 1728 604 1807 qui
620 1728 673 1786 iam
685 1734 784 1806 putent
796 1745 829 1787 se
842 1745 897 1787 non
912 1727 967 1787 sibi
980 1744 1112 1805 parcere.
1134 1725 1227 1784 Occur-

233 1811 352 1874 rendum
368 1830 438 1891 ergo
460 1811 683 1890 augescentibus
699 1812 774 1871 vitiis
792 1821 823 1871 et
836 1810 1005 1871 medendum
1020 1820 1077 1872 est.
1108 1803 1227 1870 Medendi

233 1913 287 1955 una
302 1896 386 1973 ratio,
404 1897 428 1955 si
440 1913 497 1956 non
511 1913 622 1955 nummo
640 1894 692 1956 sed
708 1895 835 1974 partibus
851 1894 947 1955 locem
958 1913 992 1956 ae
1007 1894 1112 1956 deinde
1124 1889 1227 1954 exmeis

233 1978 345 2057 aliquos
362 1981 459 2058 operis
477 1989 629 2039 exactores
648 1978 783 2040 custodes
798 1977 938 2039 fructibus
955 1996 1073 2058 ponam;
1093 1987 1123 2040 et
1136 1973 1227 2051 alioqui

230 2061 340 2121 nullum
359 2065 460 2122 iustius
480 2080 571 2139 genus
589 2062 699 2123 reditus
722 2080 804 2140 quam
825 2062 901 2142 quod
922 2073 998 2123 terra
1019 2063 1132 2123 caelum
1152 2051 1257 2120 ιιιιιιιιῗ0

204 2145 334 2206 ιιοῐοιι.
366 2145 410 2206 Ad
425 2144 482 2205 hoo
495 2163 623 2225 magnam
638 2146 738 2225 iidem,
762 2165 844 2208 acres
862 2146 982 2224 oculos,
1003 2165 1168 2208 numerosas
1181 2158 1227 2200 mu·

233 2249 286 2290 nus
298 2232 408 2310 poscit:
426 2231 630 2310 experiundum
645 2240 738 2291 tamen
750 2240 780 2291 et
795 2233 875 2310 qnasi
890 2233 919 2292 in
932 2234 1025 2292 veteri
1039 2233 1140 2292 morbo
1154 2243 1227 2308 quae·

207 2314 304 2376 olibet
327 2317 489 2376 mutationis
512 2315 615 2376 auxilia
636 2315 798 2393 temptanda
813 2325 887 2377 sunt.
919 2315 1008 2377 Vides
1023 2334 1107 2395 quam
1121 2333 1175 2376 nou
1188 2310 1228 2369 de·

232 2400 317 2460 lieata
339 2417 385 2460 mc
404 2417 489 2461 causa
506 2401 587 2460 obire
608 2401 727 2478 primum
747 2399 911 2462 consulatus
932 2402 973 2461 tui
988 2400 1062 2460 diem
1080 2417 1138 2461 non
1152 2399 1227 2460 sinat:

232 2502 317 2562 quern
331 2493 424 2546 tamen
441 2482 488 2544 hic
513 2499 628 2562 quoque
639 2493 819 2562 utpraesens
831 2486 906 2545 votis
928 2480 1030 2558 gaudio
1048 2477 1258 2558 gratulationeit

231 2567 395 2630 celebrabo.
440 2569 519 2630 Vale.
687 2565 700 2580 '

655 2661 813 2726 xxxvlll.

488 2761 516 2815 o.
534 2761 660 2814 numius
679 2761 861 2814 sanonumo
881 2761 941 2814 suo
959 2759 986 2816 s,

291 2861 356 2940 ligo
374 2882 444 2925 vero
460 2864 566 2925 Rufum
582 2876 710 2927 nostrum
724 2867 826 2947 laudo,
848 2885 905 2928 non
925 2870 992 2947 quia
1011 2875 1041 2926 ιιι
1058 2875 1088 2926 ιιι
1109 2867 1147 2926 ita
1161 2863 1219 2923 lace

232 2963 292 3008 rem
307 2948 422 3026 petisti,
447 2948 500 3009 sed
520 2951 586 3028 qnia
607 2960 652 3011 est
667 2951 718 3013 ille
735 2951 926 3030 dignissimus.
958 2950 1029 3029 begi
1046 2951 1121 3011 enim
1137 2944 1258 3008 librumll

231 3033 361 3094 omnibus
373 3033 499 3095 numeris
514 3033 686 3113 absolutum,
704 3037 750 3096 cui
766 3036 883 3098 multum
896 3035 972 3116 apud
986 3053 1031 3095 mc
1043 3035 1152 3112 gratiae
1161 3043 1230 3092 amor

231 3119 323 3197 ipsius
345 3116 458 3178 adiecit.
489 3116 614 3179 Iudicavi
636 3129 739 3180 tamen.
771 3118 875 3200 Neque
889 3121 965 3182 euim
981 3119 1037 3182 soli
1051 3118 1174 3179 iudicant
1188 3110 1229 3192 uti

231 3202 356 3281 maligne
370 3202 483 3282 legunt.
513 3201 594 3264 Vale.

649 3337 822 3400 xxxvum.
1235 3363 1257 3420 3,

520 3438 547 3490 0.
567 3438 694 3491 PLINIUS
711 3437 831 3490 MUSTIO
847 3436 908 3491 SUO
925 3436 951 3488 S.
1280 3445 1281 3482 ι

214 3540 227 3589 1
292 3533 480 3616 Haruspicum
506 3540 613 3599 monitu
631 3537 787 3625 reficienda
806 3548 854 3601 est
875 3539 943 3600 mibi
962 3537 1050 3600 aedes
1074 3535 1186 3600 Cereris
1205 3533 1228 3589 in
