2616 4096
364 289 626 362 EPISTULARUM
641 291 717 354 VIII.
741 305 765 356 5.
778 303 804 358 6.
1037 292 1097 356 157

94 443 202 504 bonum
215 453 271 504 tarn
285 442 331 504 diu
345 445 449 504 tenuit:
469 443 522 504 sed
535 443 602 506 hiae
616 446 706 522 magis
728 445 913 506 exacerbatur
933 445 1009 525 quod
1032 447 1098 506 ami·

95 528 142 588 sit.
165 524 236 588 Nem
250 525 375 588 fruendis
386 526 579 605 voluptatibus
594 531 700 589 ereseit
715 528 827 590 oarendi
842 528 933 589 dolor.
954 528 1013 588 nro
1025 535 1123 605 ergo³

95 627 256 689 suspensus
270 627 324 688 pro
338 609 451 670 lrorniae
466 612 653 687 amicissimo,
676 611 740 671 dnm
753 610 901 672 admittere
915 622 1097 672 avocamenta

96 701 128 754 et
143 693 305 754 eluatrieem
319 695 377 772 pati
390 693 500 772 possit,
521 711 603 771 quam
623 695 692 756 nilriI
708 713 800 773 aeque
813 713 848 756 ao
865 697 1025 758 necessitas
1036 696 1098 773 ipsa

68 786 127 844 set
143 774 205 838 dies
221 775 306 854 longa
320 786 350 837 et
365 778 480 837 satietas
494 774 601 838 doloris
616 777 731 840 iudueit.
758 776 843 839 ¹Vale.

360 1006 388 1056 G.
407 1005 532 1058 PLINIUS
549 907 705 1058 MXINTANO
725 1005 785 1058 SUO
807 1007 834 1062 S.

160 1107 341 1187 Cognovisse
354 1113 408 1172 iem
422 1131 458 1174 en
473 1111 595 1191 epistula
608 1131 671 1174 mea
685 1111 775 1191 debes
788 1112 940 1174 adnotasse
951 1132 997 1174 me
1007 1125 1123 1193 naperl

55 1213 89 1264 ιο
97 1202 308 1255 monumentum
327 1193 458 1256 Pallantis
481 1197 534 1258 sub
553 1195 608 1256 lrao
624 1198 810 1274 inscriptione
831 1195 908 1256 ‘lrnio
929 1206 1043 1258 senatus
1060 1198 1097 1257 ob

98 1277 185 1338 iidem
206 1279 396 1356 pietatemque
419 1295 489 1357 erga
511 1287 646 1357 patronos
664 1287 826 1340 ornamenta
840 1280 981 1357 praetoria
996 1279 1097 1340 deere-

97 1362 138 1421 vit
155 1368 186 1420 et
200 1362 361 1421 sestertium
374 1365 485 1422 oenties
498 1363 704 1440 quinquages,
727 1363 807 1424 euius
822 1361 931 1424 honore
946 1371 1097 1424 contentus

96 1443 174 1506 luit!
206 1441 309 1504 Postea
329 1444 396 1506 milri
415 1447 508 1506 visum
530 1455 577 1506 est
596 1447 719 1525 pretium
742 1463 849 1524 operae
869 1447 962 1523 Ipsum
983 1455 1123 1507 senatusa

100 1525 262 1588 oonsultunr
283 1545 432 1605 quaerere.
458 1528 557 1590 Inveni
576 1539 633 1590 tam
652 1532 802 1608 eopiosum
818 1539 848 1592 et
861 1529 984 1590 ellasum
1004 1539 1035 1590 ut
1049 1529 1098 1590 ille

55 1625 88 1678 15
99 1610 320 1689 superbissimus
331 1611 428 1672 titulus
444 1611 572 1674 modicus
587 1613 680 1692 adque
692 1615 777 1676 etiam
788 1613 928 1676 demissus
940 1613 1098 1674 rideretur.-

98 1693 303 1772 eonlerantque
317 1714 369 1772 se,
384 1713 441 1756 aon
456 1694 521 1757 dieo
535 1694 577 1756 illi
590 1706 725 1773 veteres,
739 1696 881 1772 Ali-leam,
894 1695 1023 1772 Acheloi,
1040 1695 1098 1754 Nu·

96 1779 222 1855 mentiri,
235 1776 287 1838 sed
300 1777 328 1838 hi
340 1781 475 1856 proximi,
491 1778 587 1855 diarii,
603 1778 710 1856 Sullae,
728 1778 865 1858 Pompeii,
880 1777 949 1842 uolo
962 1779 1099 1857 progredi

97 1861 227 1940 longina
246 1861 316 1922 iufra
326 1860 459 1924 Pallantis
472 1861 572 1924 laudes
587 1864 730 1924 iaeelrunt.
758 1862 886 1924 Urbanos
901 1864 949 1939 qui
963 1860 1012 1922 Illa
1030 1867 1125 1922 oen-3

97 1953 217 2005 suerunt
233 1953 328 2021 putem
341 1963 376 2006 aa
392 1942 534 2008 talserosl
555 1945 690 2008 Dieerem
705 1947 845 2022 urbanos,
868 1947 892 2010 si
904 1955 1032 2008 senatum
1048 1946 1098 2006 de·

53 2037 180 2094 aooeret
201 2028 357 2099 urbanitas;
377 2030 514 2107 miseros,
536 2030 589 2092 sed
605 2047 688 2090 nemo
709 2041 764 2090 tarn
779 2031 925 2092 miserest
940 2039 970 2090 ut
986 2029 1034 2090 illa
1049 2047 1098 2090 eo·

96 2121 190 2190 gatar.
220 2111 345 2172 Ambitio
365 2129 436 2190 ergo
451 2123 480 2174 et
496 2113 671 2191 procedendi
685 2113 788 2174 libido:
810 2112 863 2176 sed
878 2115 941 2193 quis
958 2114 1030 2174 adeo
1048 2113 1097 2174 de-

96 2213 179 2256 mens
195 2205 225 2256 ut
240 2213 294 2274 per
313 2214 411 2274 suum,
432 2214 487 2274 per
504 2196 650 2275 publicum
670 2196 796 2258 dedeeus
808 2196 969 2274 proaedere
985 2195 1056 2257 velit
1069 2199 1098 2256 in

98 2297 133 2340 ea
154 2279 268 2338 civitate
293 2281 322 2338 in
337 2297 393 2357 qua
413 2279 459 2340 hie
479 2289 560 2342 esset
582 2299 650 2342 usus
671 2281 887 2342 florentissimae
904 2280 1046 2357 dignitatis
1067 2289 1098 2339 ut

97 2364 206 2443 primus
225 2363 254 2422 in
274 2372 373 2424 senatu
393 2362 507 2424 laudare
528 2362 680 2426 Pallantem
701 2361 822 2443 posset‘l
843 2363 925 2424 Mitto
946 2363 1023 2440 quod
1037 2361 1124 2427 Pal-t

55 2445 166 2510 astanti
182 2463 267 2506 servo
283 2448 423 2523 praeterita
436 2455 597 2508 ornamenta
617 2447 788 2516 offerentum
813 2449 920 2526 quippe
941 2447 1099 2507 offeruntur

95 2531 238 2590 aservis:
258 2531 338 2591 mitta
360 2530 437 2609 qnod
458 2540 577 2592 censent
595 2549 653 2592 non
672 2530 875 2591 exhortandum
894 2528 1097 2590 modo-verum

97 2613 182 2676 etiam
200 2612 427 2691 compellendum
446 2613 482 2674 ad
501 2632 582 2677 usum
601 2631 750 2675 aureorum
764 2613 924 2682 anulorum
947 2615 1098 2674 eratenim

97 2705 198 2758 eontra
211 2697 386 2758 maiestatem
401 2707 533 2780 senatus,
549 2700 574 2758 si
588 2697 690 2759 lerreis
703 2698 862 2776 praetorius
878 2705 1014 2758 uteretur.
1043 2694 1122 2760 Ire-5

96 2781 142 2839 ria
155 2779 228 2838 haee
246 2787 275 2838 et
288 2780 470 2850 transeundaa
490 2779 538 2842 illa
554 2781 749 2858 memoranda,
773 2779 850 2859 quod
864 2782 976 2842 nomIne
988 2779 1096 2842 Pallan·

54 2865 134 2932 sotis
150 2871 278 2940 senatus,
293 2882 348 2924 nee
363 2866 475 2943 expiata
489 2874 592 2942 postea
610 2867 687 2926 ouria
702 2873 757 2942 est,
774 2862 906 2926 Pallantis
921 2866 1034 2926 nomine
1050 2883 1096 2925 se·
1124 2937 1127 2942 Ι

96 2954 178 3007 natus
198 2949 303 3022 gratias
323 2948 381 3024 agit
400 2945 517 3008 Caesari
542 2948 619 3028 quod
640 2958 669 3009 et
689 2950 753 3027 ipse
774 2966 837 3008 eum
860 2966 968 3009 summo
988 2948 1097 3010 honore

95 3030 267 3090 mentionem
282 3032 344 3090 eius
358 3042 529 3109 prosecutus
544 3043 625 3094 esset
636 3041 666 3092 et
677 3033 786 3093 senatui
800 3032 963 3093 facultatem
977 3032 1097 3092 lecisset

96 3112 219 3174 testandi
234 3131 303 3190 erga
318 3131 382 3174 eam
396 3115 625 3176 beniuolentiam.
646 3115 722 3188 Quid
738 3117 812 3176 eninr
826 3117 936 3176 senatui
949 3112 1124 3193 pulchriuse

97 3213 180 3275 qnam
200 3205 230 3255 ut
251 3215 321 3274 erga
343 3196 496 3259 Pallantem
516 3201 584 3260 satis
605 3208 703 3277 gratm
724 3194 888 3260 videretur?
912 3197 1032 3257 Additur
1054 3201 1097 3256 ‘ut

53 3278 202 3355 seratas,
222 3282 268 3338 eui
292 3299 325 3340 se
343 3299 442 3342 omues
455 3299 508 3360 pro
525 3281 600 3342 virili
613 3292 694 3361 parte
716 3282 859 3359 obligatos
878 3279 1017 3354 latentur,
1040 3281 1096 3338 sin·

96 3362 204 3440 gularis
226 3362 308 3441 ndei,
331 3364 482 3442 singulare
503 3366 656 3428 Industriae
671 3366 793 3426 frueturn
808 3363 988 3425 meritissimo
1000 3361 1095 3422 ferat!

95 3445 227 3506 Prolatos
240 3448 350 3526 imperii
366 3449 455 3526 ines,
477 3449 604 3510 redditos
624 3450 767 3510 exereitus
783 3449 825 3508 rei
840 3444 972 3524 publieao
985 3445 1096 3506 eredas.

94 3528 312 3596 Adstrniturlnis
327 3535 404 3592 ‘oum
415 3533 523 3594 senatui
533 3533 698 3612 populoque
707 3531 833 3592 Romano
845 3527 1022 3591 liberalitatis
1032 3535 1122 3607 gra-l
