2616 4096
211 289 272 356 178
631 287 666 350 0.
686 287 784 351 l’ldlll

210 446 265 505 lico
284 445 357 505 enim
373 445 426 503 iam
438 443 558 519 ratione,
573 443 638 521 quia
651 451 755 501 tecum.
776 439 846 501 llam
861 441 917 501 hoc
932 459 1047 521 quoque
1059 459 1116 502 nou
1134 442 1215 504 diest-

182 528 292 604 anile,
310 527 386 607 quod
400 525 435 586 ad
449 542 527 586 mare
542 535 589 602 tu,
605 542 662 603 ego
680 524 715 584 ad
733 524 842 585 larium
857 524 958 585 lacum.
981 524 1072 585 liuius
1087 527 1115 585 in
1132 526 1215 588 litore

209 613 307 694 plures
322 611 407 671 villae
420 627 512 684 meae,
528 607 580 670 scd
597 609 669 669 duae
684 610 803 668 maxime
818 618 849 669 ut
861 607 1004 669 delectant
1017 611 1055 668 ita
1067 621 1214 670 exercent

208 696 307 758 Altera
321 694 445 772 inposita
455 694 530 752 saxis
541 708 621 751 more
632 691 737 752 Baiano
747 691 840 752 lacum
852 693 1003 771 prospicit,
1020 691 1110 753 altera
1124 711 1215 774 aeque

182 788 288 842 amore
305 777 410 837 Baiano
424 773 515 835 lacum
530 777 629 854 tangit.
662 775 762 854 ltaque
776 774 853 835 illam
871 776 1062 853 tragoediam,
1080 777 1153 838 hanc
1168 787 1238 857 apt

209 862 320 942 pellere
338 858 515 919 comoediam
535 858 634 928 soleo;
657 858 752 936 illam,
769 859 845 938 quod
861 860 939 938 qnasi
953 859 1116 938 cothurnis,
1132 861 1214 937 hanc,

210 945 286 1024 quod
299 944 378 1022 quasi
393 941 519 1002 socculis
534 945 698 1004 sustinetur.
730 943 787 1002 Sua
798 945 910 1021 utrique
926 945 1082 1004 amoenitas
1096 954 1127 1005 et
1142 955 1216 1006 utra·
1304 967 1305 976 ι

183 1036 266 1107 tque
281 1025 440 1107 possidenti
457 1027 521 1106 ipsa
542 1026 707 1088 diversitate
727 1026 884 1087 iucundior.
906 1025 985 1086 llaec
1005 1027 1069 1087 lecu
1084 1031 1215 1108 propius,

209 1111 258 1172 illa
277 1112 361 1172 latius
376 1112 476 1171 utitur:
497 1110 570 1170 haec
585 1129 671 1170 unum
686 1113 777 1171 sinum
795 1110 875 1170 molli
890 1112 1051 1172 curvamine
1066 1111 1216 1191 amplecti·

209 1206 265 1274 tur,
278 1194 325 1254 illa
338 1194 494 1256 editissimo
505 1192 592 1254 dorso
603 1195 676 1255 duos
688 1194 805 1255 dirimit:
828 1193 888 1254 illic
899 1203 978 1254 recta
989 1196 1113 1272 gestatio
1125 1195 1215 1274 longo
1223 1202 1253 1252 lo

210 1280 297 1340 limite
318 1278 490 1358 superlitos
511 1278 686 1355 extenditur,
712 1278 760 1339 hic
780 1279 986 1357 spatiosissimo
1004 1287 1091 1353 xysto
1111 1277 1216 1339 leviter

209 1363 378 1424 inflectitur:
398 1361 447 1422 illa
461 1362 563 1422 iluctus
577 1377 635 1422 non
649 1364 751 1441 sentit,
772 1361 846 1422 haec
861 1361 979 1438 frangit:
1003 1381 1042 1422 ex
1054 1360 1103 1422 illa
1117 1364 1216 1442 possis

210 1449 354 1526 dispicere
369 1447 525 1524 piscantes,
542 1463 579 1504 ex
589 1445 644 1506 hac
659 1447 722 1524 ipse
735 1446 840 1526 pisauri
852 1445 1018 1522 hamumque
1031 1445 1067 1505 dc
1080 1445 1215 1507 cubiculo

209 1549 244 1591 ac
259 1547 351 1609 paene
365 1529 449 1589 etiam
459 1526 496 1588 de
508 1527 616 1589 lectulo
629 1538 660 1588 ut
673 1547 691 1588 e
705 1529 824 1589 naucula
834 1530 939 1589 iacere.
961 1527 1021 1589 llae
1032 1529 1099 1589 milri
1111 1548 1215 1591 causae

122 1637 126 1648 ·
184 1615 321 1692 tutnque
344 1630 416 1691 quae
439 1612 540 1672 desunt
562 1611 724 1672 adstruendi
745 1613 783 1672 ob
804 1630 838 1672 ea
860 1629 933 1690 quae
954 1623 1115 1692 supersunt.
1156 1614 1253 1675 Sedit

211 1698 278 1778 quid
293 1714 350 1775 ego
366 1697 504 1757 rationem
523 1692 594 1757 tibi?
618 1696 693 1776 apud
709 1715 794 1775 quem
816 1713 869 1776 pro
886 1696 996 1756 ratione
1015 1698 1069 1757 erit
1084 1698 1159 1758 idem
1175 1697 1216 1757 la·
1304 1779 1305 1784 ἵ

211 1799 291 1871 cere,
317 1780 399 1841 Vale.

671 1911 711 1972 vl
727 1913 749 1973 l.
983 1949 994 1966 .

351 1977 354 1984 ⁴
463 2010 490 2064 o.
510 2010 637 2063 sciuros
655 1912 821 2066 audomaro
841 2011 902 2064 suo
919 2011 946 2068 s.
1224 2041 1256 2093 ,0

187 2123 198 2176 l
270 2112 301 2172 Si
315 2111 443 2173 laudatus
454 2129 470 2171 a
482 2122 512 2173 tc
526 2111 642 2173 laudare
652 2123 682 2174 te
695 2131 834 2193 coepero,
847 2133 952 2174 vereor
965 2132 1002 2174 ne
1013 2131 1069 2173 non
1081 2124 1137 2175 tam
1149 2131 1216 2192 pro·
1303 2109 1304 2126 ²

210 2198 287 2258 ferre
304 2197 437 2256 iudicium
452 2213 545 2255 meum
563 2214 645 2276 quam
661 2198 771 2259 relerrc
792 2199 909 2277 gratiam
932 2197 1039 2258 videar.
1071 2196 1132 2258 Sed
1146 2196 1218 2257 licet

210 2281 317 2358 videar,
331 2282 422 2340 omnin
438 2282 546 2359 scripta
561 2289 607 2340 tua
623 2280 813 2360 pulcherrima
829 2284 970 2359 existimo,
986 2282 1106 2341 maxime
1122 2289 1218 2341 tamen

210 2365 258 2426 illa
270 2364 307 2426 de
320 2365 413 2426 nobis.
435 2364 549 2425 Accidit
563 2364 619 2424 hoc
633 2383 687 2426 una
703 2365 859 2445 eademque
874 2364 909 2426 de
926 2384 1019 2426 cansa.
1039 2363 1110 2424 Nam
1129 2373 1158 2425 et
1172 2375 1215 2444 tu,

211 2467 284 2529 quac
300 2450 336 2509 de
351 2449 459 2527 amicis,
476 2451 582 2527 optime
598 2448 701 2509 scribis
712 2457 741 2508 et
756 2467 831 2528 ego,
847 2467 920 2528 quae
936 2449 971 2510 de
987 2468 1049 2526 me,
1064 2457 1095 2508 nt
1109 2449 1257 2528 optimate

209 2532 287 2611 lego.
318 2530 399 2592 Vale.

666 2664 755 2726 Vllll.

496 2766 524 2822 G.
541 2765 666 2817 PLINIUS
684 2764 807 2817 COLONO
824 2763 927 2817 SUOS.

188 2883 200 2935 1
275 2867 365 2927 Unico
386 2869 478 2946 prolto
500 2866 576 2948 quod
598 2867 715 2946 Pompei
736 2867 877 2942 Quintiani
896 2877 988 2928 morte
1010 2877 1067 2927 tam
1083 2865 1257 2934 dolenterao

209 2949 341 3011 adficeris
355 2959 385 3010 ut
400 2952 496 3011 amissi
512 2945 655 3012 caritatem
677 2949 819 3011 desiderio
841 2951 990 3020 extendas:
1009 2968 1065 3012 non
1083 2958 1115 3009 nt
1129 2950 1217 3028 pleri-

212 3054 279 3114 que,
293 3036 340 3114 qui
355 3043 462 3094 tanturn
476 3036 608 3095 viventes
628 3044 719 3094 amant
736 3054 787 3096 seu
803 3037 897 3114 potius
911 3053 1004 3096 amare
1020 3054 1053 3095 se
1071 3033 1217 3112 simulant,

211 3136 245 3179 ac
256 3137 293 3180 ne
309 3117 438 3179 simulant
453 3117 583 3197 quidem,
602 3119 656 3178 nisi
669 3136 741 3197 quos
757 3119 892 3180 ilorentes
905 3118 1011 3179 vident.
1043 3117 1115 3178 Nam
1132 3121 1219 3179 misc·

212 3219 304 3263 rorum
321 3220 377 3263 non
388 3220 475 3264 secus
486 3220 520 3261 ao
531 3202 727 3262 defunctorum
740 3203 953 3264 obliviscuntur.
976 3202 1033 3264 Sed
1046 3203 1096 3262 titt
1111 3219 1218 3279 peren·
1300 3261 1301 3270 ,

212 3289 256 3348 nis
274 3286 344 3347 lides
365 3295 497 3366 tantaque
517 3288 545 3346 in
562 3304 658 3346 amore
677 3290 833 3348 constantia
851 3296 881 3346 ut
899 3288 969 3346 finiri
984 3288 1038 3347 nisi
1054 3295 1101 3346 tua
1122 3291 1256 3347 morte-’st

186 3381 268 3436 tnon
284 3372 385 3448 possit.
416 3370 454 3431 Et
474 3369 599 3432 Hercule
621 3372 646 3431 is
667 3370 719 3430 luit
740 3369 904 3443 Quintianus
919 3389 1003 3449 quern
1019 3369 1097 3447 diligi
1111 3368 1217 3430 deceat

213 3455 303 3532 ipsius
319 3454 461 3534 exemplo.
484 3453 598 3516 Felices
612 3455 731 3532 amabat,
743 3456 864 3516 miseros
877 3455 1018 3530 tuebatur,
1035 3452 1216 3513 desiderabat
1299 3521 1300 3534 ἶ

215 3536 345 3595 amissos.
377 3537 434 3596 lam
454 3537 503 3597 illa
520 3546 622 3617 quanta
636 3539 762 3617 probitas
780 3541 808 3597 in
826 3537 890 3598 ore!
916 3547 1017 3616 quamn
1032 3540 1059 3596 in
1080 3554 1215 3598 sermone
