2614 4104
347 280 612 345 inducimus
631 294 675 348 bo.
687 293 786 347 blm.
799 293 844 347 23.
1040 283 1102 348 251

95 435 174 496 mus!
202 433 314 496 Nomen
330 433 417 512 illud,
436 435 512 512 quod
527 433 574 494 alii
587 435 679 514 prium
694 437 787 498 statim
800 436 974 516 principatus
989 435 1056 515 die,
1071 447 1102 499 ut

95 521 276 598 imperatoris
296 529 326 580 ct
342 516 491 594 Caesaris,
518 529 708 598 receperunt,
733 527 764 579 tu
785 536 877 598 usque
898 537 935 581 eo
956 519 1101 600 distulisti,

97 603 191 664 doucc
205 612 234 663 tn
249 620 381 682 quoque,
397 601 600 662 beneficiomm
613 612 724 664 tuorum
736 603 918 682 parcissimus
928 606 1102 682 aestimator,

96 688 153 746 iam
166 697 196 748 te
209 688 313 747 mereri
327 685 470 748 lateranis.
490 686 589 764 ltaque
604 686 660 747 soli
675 687 797 747 omnium
812 689 930 765 contigit
945 688 995 747 tibi
1011 697 1042 748 ut
1053 706 1102 767 pa·

66 781 85 830 5
97 779 144 830 ter
160 772 268 848 patriae
282 787 367 831 esses
380 778 445 830 ante
461 788 543 849 quam
559 771 653 831 fieres.
673 769 745 832 Erus
761 772 835 831 enim
849 773 1006 849 inanimis,
1020 774 1049 831 in
1058 773 1101 832 iu·

99 853 181 914 diciis
205 855 328 936 nostris,
354 871 410 912 nec
430 853 565 932 publicae
585 855 699 934 pietatis
719 856 855 915 intererat
868 855 936 934 quid
950 872 1101 934 vocurere,

97 938 153 998 nisi
170 937 246 1016 quod
260 940 367 1016 ingrata
383 936 438 996 sibi
450 936 615 1016 videbatur,
643 939 666 999 si
681 948 710 999 te
724 940 925 1017 imperatorem
941 941 1036 1017 potius
1050 956 1102 999 ro·

98 1029 178 1082 caret
189 1031 219 1081 et
235 1019 404 1099 Gaesarem,
421 1030 605 1100 compatrem
619 1023 807 1100 experiretur.
829 1021 912 1095 Quod
927 1023 1039 1102 quidem
1052 1040 1102 1083 no·

98 1122 162 1164 meu
179 1122 233 1183 quo
251 1103 441 1182 benignitate,
457 1121 512 1183 qua
526 1104 700 1183 indulgentia
713 1105 851 1167 exerces!
866 1115 896 1166 ut
912 1124 976 1166 cum
992 1107 1102 1168 civibus

52 1189 156 1248 totuis
177 1189 257 1267 quusi
278 1205 341 1249 cum
363 1187 462 1250 liberis
483 1205 585 1266 parens
611 1188 697 1250 vivis!
723 1198 753 1248 nt
780 1207 914 1251 reversus
936 1192 1101 1268 imperator,

97 1273 146 1351 qui
160 1274 286 1351 privatus
300 1273 432 1350 exieras,
447 1274 598 1350 agnoscis,
612 1272 794 1350 agnosceris!
810 1271 937 1333 Eosdem
946 1289 1018 1350 nos,
1034 1291 1103 1332 eun-

97 1354 162 1415 dem
177 1365 207 1416 tc
222 1365 321 1434 putas,
337 1373 387 1434 par
401 1356 549 1433 omnibus,
566 1366 596 1417 et
610 1356 666 1416 boc
681 1365 786 1416 mutum
802 1357 907 1416 ceteris
922 1357 1010 1416 maim
1024 1356 1101 1434 quod

98 1437 210 1498 melior.
253 1440 298 1500 Ac
319 1441 454 1517 primum,
476 1441 524 1519 qui
545 1439 605 1502 dies
623 1439 673 1500 illc
694 1457 750 1519 quo
769 1449 938 1520 expectatus
955 1439 1099 1502 desidera-
1111 1429 1152 1492 22

97 1531 203 1601 tuaque
222 1525 320 1584 urbem
336 1533 411 1583 tuam
426 1525 575 1602 ingressus
597 1523 645 1584 es!
677 1523 734 1585 lam
754 1523 811 1584 boc
831 1525 941 1603 ipsum,
969 1525 1046 1603 quod
1060 1526 1100 1584 in·

57 1608 218 1683 15gressus
231 1626 280 1683 es,
298 1625 380 1686 quam
393 1609 491 1667 mimm
505 1606 681 1686 laetumque!
700 1606 772 1667 Nam
785 1609 896 1686 priores
910 1608 1006 1667 inrcbi
1021 1617 1050 1667 et
1061 1609 1102 1668 in·

97 1691 203 1768 portari
214 1689 360 1767 solebant,
372 1709 429 1751 non
441 1691 505 1751 dico
517 1690 684 1769 quadriiugo
697 1709 780 1751 curru
793 1700 822 1751 et
834 1690 993 1752 albentibus
1006 1692 1101 1770 equis,

97 1772 150 1834 sed
167 1775 271 1835 umeris
288 1775 442 1850 homiuum,
459 1773 535 1854 quod
552 1773 734 1853 adrogantius
749 1784 818 1836 erat.
839 1773 880 1834 'lu
894 1774 958 1835 sola
970 1769 1101 1853 corporis

97 1858 271 1936 proceritate
291 1856 395 1918 elatior
409 1858 472 1919 aliis
489 1867 518 1918 et
532 1859 694 1936 excelsior,
719 1876 776 1918 non
796 1858 833 1918 dc
853 1860 987 1938 patientia
1005 1868 1102 1918 nostra

98 1939 237 2019 quendam
252 1941 437 2020 triumphum,
459 1941 512 2002 sed
525 1942 560 2002 de
572 1943 706 2021 superbia
723 1944 882 2021 principum
896 1943 993 2019 egisti.
1021 1940 1101 2019 lingo

54 2036 155 2090 bonon
169 2034 247 2086 aetas
264 2042 449 2104 quemquam,
470 2043 527 2086 non
540 2025 690 2103 valetudo,
707 2043 764 2087 nun
775 2044 861 2087 sexus
876 2025 1029 2087 retardavit
1044 2043 1102 2104 quo

96 2110 188 2168 minus
204 2107 307 2170 oculos
321 2107 436 2169 insolito
448 2110 615 2187 spectaculo
630 2109 763 2189 inpleret.
785 2108 826 2170 'lc
841 2109 950 2189 parvuli
965 2128 1100 2186 noscere,

98 2200 244 2254 ostentare
263 2194 399 2271 iuvenes,
424 2194 517 2253 mirari
537 2212 640 2263 sencs;
664 2196 744 2272 aegri
760 2211 875 2273 quoque
891 2193 1028 2271 neglecto
1042 2211 1102 2254 me·

97 2275 223 2336 dentium
241 2275 360 2354 imperio
381 2276 416 2337 ad
435 2286 622 2354 conspectum
635 2279 693 2355 tui,
721 2280 800 2356 quasi
815 2277 849 2338 ad
865 2276 985 2338 salutem
1000 2279 1101 2337 sanita

96 2369 214 2437 temque
228 2376 395 2439 prorepere.
429 2357 499 2421 Inde
513 2358 560 2420 alii
573 2379 607 2421 se
621 2361 689 2420 sotis
703 2362 810 2421 vixisse
825 2368 854 2420 tc
867 2361 947 2436 viso,
975 2368 1004 2420 te
1018 2378 1101 2420 rece·

54 2453 89 2506 25
97 2451 168 2521 pto,
197 2442 244 2502 alii
264 2461 340 2504 nuuc
359 2446 449 2522 magis
468 2463 534 2504 esse
557 2444 708 2506 vivendum
723 2443 933 2523 praedicabant.
969 2441 1101 2504 Feminae

98 2527 265 2587 etiamtunc
282 2526 462 2588 fecunditatis
478 2545 546 2588 suae
559 2530 676 2588 maxima
690 2527 822 2606 voluptas
838 2527 940 2604 subiit,
958 2545 1021 2586 cum
1038 2544 1100 2586 cer-

96 2620 200 2671 nerent
220 2611 266 2669 cni
286 2611 408 2690 principi
423 2613 520 2687 cives,
545 2614 590 2671 cui
604 2613 767 2690 imperatori
787 2611 892 2672 milites
906 2610 1099 2689 peperissent.

95 2692 220 2754 Videres
233 2694 340 2754 referta
354 2703 431 2755 tecta
445 2713 479 2755 ac
498 2693 671 2772 laborantia,
687 2712 722 2756 ac
736 2713 773 2754 ne
791 2713 856 2754 eum
871 2693 986 2773 quidem
998 2711 1100 2754 vacan-

97 2787 157 2838 tem
171 2775 267 2837 locum
283 2778 331 2857 qui
345 2795 401 2838 non
414 2780 468 2840 nisi
485 2796 655 2856 suspensum
669 2787 699 2839 et
710 2777 841 2839 instabile
852 2779 1004 2855 uestigium
1016 2796 1101 2856 cape·

54 2869 160 2937 toret,
178 2860 312 2940 oppletas
323 2861 446 2941 undique
457 2864 518 2923 vias
531 2873 737 2941 angustumque
749 2864 888 2923 tramitem
898 2861 1028 2923 relictum
1038 2861 1100 2938 tibi,
1226 2928 1234 2934 ,

96 2942 220 3006 alacrem
236 2945 302 3005 binc
313 2955 400 3025 atquc
416 2945 481 3006 inde
496 2945 649 3026 populum,
665 2947 771 3026 ubique
787 2964 839 3026 par
848 2945 981 3025 gaudium
991 2963 1102 3025 param·

97 3044 155 3106 quc
171 3027 335 3089 clamorem.
363 3029 431 3090 Tam
448 3029 575 3110 aequalis
592 3032 627 3091 ab
643 3032 772 3092 omuibus
787 3050 825 3091 ex
843 3030 965 3092 adventu
978 3038 1027 3089 tuo
1042 3029 1101 3090 lae·

95 3113 157 3172 titia
171 3122 311 3192 percepta
325 3123 370 3173 est
385 3131 467 3192 quam
482 3114 611 3176 omnibus
627 3116 744 3176 venisti:
759 3132 833 3194 quae
850 3125 943 3175 tamen
957 3115 1020 3191 ipsa
1038 3129 1102 3174 cum

95 3195 229 3273 ingressu
248 3205 299 3256 tuo
322 3199 412 3258 crevit
430 3215 465 3258 ac
480 3214 573 3277 prope
594 3200 622 3258 in
643 3198 773 3277 singulos
794 3197 898 3275 gradus
912 3195 1030 3256 adaucta
1045 3206 1099 3256 est.

53 3287 87 3341 ³5
97 3275 213 3340 Gratum
231 3289 292 3340 erat
313 3282 423 3342 cunctis
443 3281 520 3360 quod
540 3291 668 3342 senatum
685 3281 787 3343 osculo
803 3282 974 3359 exciperes,
1004 3288 1034 3339 ut
1057 3277 1150 3342 dita

94 3365 200 3424 missus
221 3363 323 3424 osculo
344 3363 457 3442 iueras,
484 3375 593 3442 gratum
615 3364 691 3444 quod
710 3365 852 3444 equestris
868 3363 973 3423 ordinis
995 3362 1101 3423 decora

94 3445 206 3507 bonore
220 3449 362 3508 nominum
378 3450 441 3509 sine
455 3451 596 3511 monitore
610 3451 755 3526 signares,
776 3457 886 3525 gratum
900 3445 977 3526 quod
994 3455 1101 3506 tantum

94 3546 152 3589 uon
167 3528 242 3590 ultro
257 3529 408 3592 clientibus
423 3531 551 3594 salutatis
567 3533 700 3613 quasdam
717 3531 908 3592 familiaritatis
921 3539 1003 3591 notus
1015 3528 1101 3590 adde·
