2614 4104
390 312 655 377 rsuuousucus
669 325 695 378 s.
708 323 771 379 us.
1023 314 1086 378 ιιι
1140 397 1143 406 Α

85 465 221 527 solebant.
243 465 285 527 lta
300 465 375 527 lilius
391 485 425 527 ac
439 484 544 545 parens
559 484 613 526 uno
630 464 790 544 eodemque
803 473 947 526 momento
960 482 1020 526 rem
1029 485 1086 529 ma·

84 553 179 610 mutam
199 552 324 610 invicem
346 551 542 628 praestitistis:
568 548 619 608 ille
639 549 691 610 tihi
714 550 861 628 imperium
879 548 973 627 dedit,
998 558 1028 609 tu
1044 549 1086 610 illi

84 632 238 695 reddidisti.
274 633 361 696 Solus
376 650 448 712 ergo
462 634 496 694 ad
511 633 567 692 hoc
581 635 645 694 aevi
661 649 844 710 promouere
859 641 936 695 tanto
948 634 1025 710 paria
1039 651 1086 694 ac·

86 718 216 796 cipiendo
239 717 350 793 iecisti,
377 719 461 778 immo
478 715 553 777 ultro
575 712 686 778 dantem
704 716 855 795 obligasti:
880 717 1085 778 communicato

63 803 156 860 decim
170 802 291 881 imperio
311 801 464 862 sollicitior
483 809 530 879 tu,
555 800 606 861 ille
627 803 758 861 securior
774 800 870 871 sactus
890 810 945 861 est.
988 798 1013 860 0
1034 799 1117 867 ιιι-7

84 903 145 944 rum
157 895 245 965 atque
260 886 413 946 inauditum
425 885 462 945 ad
477 887 665 963 principatum
681 884 749 945 iter!
779 883 844 945 Non
858 893 888 945 te
903 887 1019 963 propria
1034 902 1085 944 cu·

85 968 200 1046 piditas,
226 971 362 1048 proprius
383 978 494 1047 metus,
520 969 572 1030 sed
594 969 685 1029 aliena
710 969 835 1045 utilitas,
866 967 977 1028 alienus
1003 970 1087 1029 timor

86 1054 237 1130 principem
252 1053 332 1113 iecit.
352 1053 481 1114 Videaris
493 1051 563 1114 licet
577 1052 653 1133 quod
670 1062 715 1114 est
730 1046 931 1131 amplissimum
947 1069 1086 1114 consecu-

84 1145 125 1196 ιιι
139 1139 213 1196 inter
225 1137 373 1215 homines,
389 1137 503 1198 ielicius
518 1146 610 1197 tamen
621 1145 681 1196 erat
692 1136 761 1195 illud
773 1135 849 1214 quod
860 1134 1017 1215 reliquisti:
1033 1137 1086 1197 sub

54 1219 156 1281 tobono
172 1221 305 1300 principe
320 1223 446 1300 privatus
463 1240 530 1282 esse
545 1221 655 1281 desisti.
677 1219 852 1296 Adsumptus
868 1237 901 1279 es
917 1221 945 1278 in
959 1217 1087 1279 laborum

86 1321 268 1384 curarumque
280 1307 465 1382 consortium,
480 1314 574 1364 necte
585 1321 723 1384 prospera
736 1313 765 1363 et
779 1302 852 1362 loeta
865 1304 991 1362 stationis
1006 1304 1087 1364 istius

86 1387 133 1448 sed
147 1407 250 1468 aspera
266 1399 296 1450 et
313 1388 381 1450 dure
396 1389 432 1449 ad
447 1388 651 1467 capessendam
665 1405 728 1448 eam
740 1385 942 1465 conpulerant:
957 1388 1088 1464 suscepi·

86 1472 120 1532 sti
135 1475 300 1552 imperium,
324 1481 472 1553 postquam
487 1472 570 1533 alium
586 1472 717 1550 suscepti
732 1470 905 1552 poenitebat.
941 1469 1025 1532 Nulla
1039 1470 1088 1531 ad·

88 1557 171 1633 optati
186 1575 252 1616 cum
267 1574 304 1617 eo
318 1559 366 1636 qui
381 1557 532 1636 adoptabat
547 1559 697 1635 cognatio,
724 1554 800 1616 nulla
823 1555 1010 1616 necessitudo
1033 1555 1087 1615 nisi

55 1647 80 1698 ιι
88 1639 158 1717 quod
170 1649 292 1720 ιιιιιιι
304 1643 427 1720 optimus
441 1651 517 1718 erat,
532 1640 693 1719 dignusque
705 1639 778 1700 alter
788 1638 868 1717 eligi,
883 1638 956 1698 ulter
966 1638 1087 1716 eligere.

87 1721 180 1802 ltaque
191 1725 343 1804 adoptatus
356 1743 406 1802 es,
422 1743 496 1802 nou,
511 1736 542 1785 ut
554 1729 633 1803 prius
645 1723 718 1783 alius
731 1733 816 1802 atque
829 1721 918 1800 alius,
930 1723 958 1781 in
972 1723 1089 1799 gratiam

88 1810 186 1868 uxoris.
201 1808 331 1870 Adsciuit
341 1809 416 1871 enim
429 1818 458 1870 te
468 1809 552 1868 lulium
561 1826 618 1868 oon
626 1810 743 1868 vitricus
753 1807 805 1866 sed
814 1807 960 1885 princeps,
972 1805 1088 1865 eodem·

89 1907 140 1967 ιιι
154 1895 248 1953 animo
264 1893 344 1954 divus
358 1891 452 1953 Nerva
469 1903 550 1972 pater
565 1901 629 1954 tuus
644 1892 737 1952 iaetus
755 1901 801 1952 est
811 1907 867 1968 quo
876 1899 940 1951 erat
955 1890 1086 1949 omnium.

89 1971 146 2035 Nec
157 1976 243 2038 decet
254 1976 336 2037 aliter
348 1976 432 2038 illium
441 1977 567 2055 adsumi,
585 1979 609 2038 si
619 1976 780 2036 adsumatur
791 1993 808 2035 a
821 1975 960 2053 principe.
982 1973 1025 2032 An
1042 1990 1088 2032 se·

55 2055 177 2118 lunatum
196 2060 392 2140 populumque
406 2060 579 2139 Romanum,
600 2063 761 2138 exercitus,
788 2059 967 2137 provincias,
989 2057 1088 2118 socios

90 2147 298 2205 transmissurus
308 2147 366 2222 uni,
379 2162 580 2207 successorem
591 2164 608 2205 e
620 2146 682 2204 sinu
695 2143 792 2204 uxoris
800 2142 938 2221 accipias,
949 2159 1089 2203 summae·

90 2240 141 2301 ιιι
154 2230 307 2305 potestatis
318 2229 455 2290 heredem
466 2239 571 2290 tantum
584 2231 655 2288 intra
667 2229 779 2288 domum
788 2237 864 2288 tuam
876 2222 1017 2306 quaeras?
1031 2241 1090 2284 nou

89 2313 170 2370 totam
182 2331 236 2392 per
248 2314 388 2374 civitatem
404 2314 587 2374 circumferas
601 2311 714 2386 oculos,
728 2310 844 2372 othone
855 2311 906 2370 tibi
918 2311 1087 2388 proximum,

91 2388 160 2456 huuc
174 2398 434 2459 coniunctissimum
450 2399 595 2458 existimes
610 2413 695 2474 quem
707 2396 860 2472 optimum,
877 2411 962 2472 ιιιιι
979 2392 1033 2452 diis
1050 2393 1088 2451 si·

57 2477 228 2542 lomillimum
242 2478 407 2542 inveneris?
429 2481 619 2559 imperaturus
633 2480 762 2539 omnibus
774 2477 842 2555 eligi
854 2476 942 2536 dehet
953 2493 990 2536 ex
1001 2475 1089 2535 omni·

92 2558 150 2621 ltus.
167 2564 233 2626 Non
247 2567 321 2626 enim
337 2565 460 2626 servulis
475 2565 531 2627 tuis
548 2563 707 2640 dominum,
728 2571 760 2622 ut
776 2563 872 2640 possis
887 2577 954 2620 esse
971 2567 1090 2620 conten·

91 2651 133 2704 tus
148 2651 226 2727 quasi
242 2650 408 2711 necessario
422 2648 547 2724 herede,
563 2647 616 2708 sed
632 2649 789 2725 principem
805 2645 916 2706 ciuibus
926 2642 1041 2704 daturus
1056 2660 1090 2703 ιι

92 2727 248 2807 imperator.
272 2734 430 2811 Superbum
443 2731 520 2794 istud
536 2741 565 2792 ιι
579 2733 701 2808 regium,
716 2731 771 2788 nisi
785 2728 908 2806 adoptes
922 2745 987 2787 eum
1005 2744 1090 2806 quem

94 2823 199 2878 constet
208 2819 408 2897 imperaturum
421 2817 528 2893 luisse,
544 2816 652 2876 etiamsi
667 2831 723 2873 non
737 2813 916 2892 adoptasses.
939 2811 1021 2872 llecit
1034 2812 1091 2871 lroe

58 2890 198 2979 sortem,
219 2899 287 2960 nihil
306 2903 445 2961 iuteresse
459 2901 608 2960 arbitratus
622 2900 757 2976 genueris
771 2916 807 2958 an
822 2897 967 2976 elegeris,
983 2897 1008 2956 si
1025 2913 1090 2974 per·

93 2976 153 3041 iode
172 2987 233 3044 sine
254 2983 359 3044 iudicio
373 2983 544 3064 adoptentur
558 2984 639 3043 liberi
653 3001 688 3042 ac
702 2991 870 3051 nuscuntur:
890 2983 944 3042 nisi
960 2979 1036 3059 quod
1049 2988 1091 3040 ιι-

93 3076 151 3123 meo
164 3069 299 3148 aequiore
315 3069 406 3129 animo
429 3068 522 3128 ierunt
536 3067 664 3127 homines
681 3084 765 3145 quem
780 3070 917 3143 princeps
933 3081 1030 3142 parum
1047 3061 1090 3121 ie·

94 3141 184 3210 liciter
203 3154 301 3230 genuit
323 3171 406 3232 ιιιιι
426 3169 510 3230 quem
530 3151 604 3212 mole
624 3151 724 3229 elegit.
768 3147 877 3211 Sedulo
901 3163 972 3223 ergo
993 3144 1131 3208 vitavit8

95 3225 164 3290 luno
179 3253 291 3314 casum,
316 3254 371 3296 neo
386 3235 487 3296 iudicia
502 3235 643 3294 hominum
664 3235 716 3294 sed
739 3234 855 3294 deorum
877 3231 960 3290 etiam
978 3230 1005 3288 in
1023 3246 1090 3288 eoo·

62 3312 184 3376 rusilium
204 3319 371 3398 adsumpsit.
409 3319 508 3398 ltaque
529 3321 568 3378 tui
588 3336 644 3377 non
666 3321 693 3377 in
710 3315 843 3377 cubiculo
857 3313 909 3375 sed
926 3315 954 3373 in
969 3311 1089 3390 templo,

97 3411 147 3458 ιιι
160 3413 223 3464 ante
236 3404 377 3482 genialem
392 3412 483 3464 torum
498 3402 549 3462 sed
564 3412 628 3462 ante
642 3400 771 3478 puluinar
782 3398 858 3458 lovis
871 3398 968 3474 optimi
979 3395 1091 3456 maximi

97 3478 205 3561 adoptio
220 3497 336 3566 peraeta
351 3496 411 3554 est:
426 3504 479 3565 ιιι
494 3485 604 3546 tandem
619 3502 675 3545 non
690 3485 812 3544 servitus
828 3491 924 3542 nostra
940 3481 990 3540 sed
1006 3477 1091 3539 liber·

98 3567 137 3622 itt
150 3576 178 3628 et
187 3570 263 3632 salos
275 3581 305 3632 et
318 3572 456 3632 securitas
469 3570 644 3632 iundcbutur.
671 3568 731 3628 Sibi
747 3568 821 3628 euim
834 3563 953 3710 glfiopam
967 3562 1043 3623 illam
1054 3560 1092 3623 dii
