2632 4096
196 270 239 333 92
623 266 655 329 0.
676 265 773 330 Phlllll

198 423 237 482 dit
252 420 340 482 multo
354 431 419 482 ante
436 422 604 500 praesensit.
634 421 720 481 Visus
741 427 786 480 est
803 418 858 479 sibi
872 434 926 494 per
943 427 1107 477 nocturnam
1121 415 1212 494 quie-

197 517 255 567 tem
268 507 364 566 iacere
382 509 411 565 in
424 504 532 566 lectulo
547 523 600 566 suo
618 505 793 582 compositas
808 504 836 560 in
857 500 952 561 habitu
974 500 1129 575 studentis,
1156 498 1213 559 ha·

199 590 269 650 bere
286 600 351 649 ante
373 608 406 650 se
427 591 561 650 somnium
581 588 635 666 (ita
655 586 796 664 solebat):
821 603 887 645 mox
907 585 1073 661 imaginatus
1088 592 1135 644 est
1152 601 1211 642 ve·

197 675 276 734 nisse
292 671 453 748 Neronem,
467 673 496 730 in
511 681 574 732 toro
590 670 753 748 resedisse,
772 670 949 748 prompsisse
963 670 1081 746 primum
1097 665 1212 726 librum

198 773 283 835 quem
295 756 330 815 de
348 753 507 815 sceleribus
522 756 584 815 eius
600 753 727 814 ediderat
741 771 862 832 eumque
882 751 917 810 ad
935 759 1091 812 extremum
1104 747 1237 814 revol-5

172 841 287 915 ivisse,
301 837 376 898 idem
392 839 421 896 in
437 837 564 898 secundo
579 855 613 898 ac
626 839 711 897 tertio
726 836 846 913 fecisse,
864 844 929 894 tunc
944 836 1051 896 abisse.
1078 833 1212 913 Expavit

199 924 282 984 etsie
297 923 498 1000 interpretatus
512 930 574 996 est,
595 929 734 999 tamquam
747 920 823 979 idem
840 920 894 979 sibi
911 919 1021 979 futurus
1035 927 1116 978 esset
1130 917 1211 978 scri·

173 1003 284 1066 'lbendi
302 1006 364 1064 linis
380 1005 427 1081 qui
442 1004 543 1065 luisset
560 1003 600 1064 illi
615 1004 748 1081 legendi,
771 1013 800 1063 et
816 1003 868 1062 luit
882 1001 966 1062 idern.
994 1001 1078 1075 Quod
1091 1018 1140 1061 me
1158 1019 1209 1060 re·
1297 1061 1298 1066 ,

199 1087 361 1148 cordantem
382 1089 525 1150 miseratio
547 1088 622 1150 subit
644 1096 774 1166 quantum
790 1087 959 1164 vigiliarum,
975 1094 1107 1163 quantum
1122 1083 1210 1144 labo·

197 1173 237 1232 ris
252 1170 415 1233 exhauserit
432 1171 546 1233 frustra.
574 1172 732 1232 Occursant
746 1172 837 1230 animo
857 1187 920 1229 mea
941 1168 1111 1246 mortalitas,
1139 1185 1209 1227 mea
1218 1180 1249 1231 lt

198 1256 314 1334 scripta.
346 1254 409 1315 Nec
424 1256 520 1319 dubito
537 1265 566 1316 te
583 1274 697 1334 quoque
716 1253 815 1315 eadem
835 1255 1009 1331 cogitatione
1025 1253 1128 1312 terreri
1149 1268 1209 1330 pro

172 1340 260 1401 distis
285 1358 358 1418 quae
383 1341 456 1400 inter
480 1358 578 1401 manus
602 1339 701 1399 habes.
732 1337 869 1415 Proinde,
898 1337 962 1396 dum
984 1337 1110 1416 suppetit
1133 1337 1207 1411 rita,

200 1425 336 1483 enitamur
350 1432 379 1483 ut
396 1441 472 1484 mors
489 1441 570 1501 quam
591 1423 761 1502 paucissima
780 1439 852 1499 quae
871 1419 988 1481 abolere
1009 1421 1109 1499 possit·
1122 1420 1207 1479 inve·
1297 1441 1298 1460 t

199 1508 264 1565 niat.
293 1505 375 1566 Vale.
1297 1509 1298 1516 ’

675 1637 724 1697 vt.

367 1736 394 1790 0.
414 1736 538 1788 PLINIUS
556 1736 692 1788 DOMITIO
708 1737 906 1789 APOLLINARJ
924 1734 984 1788 SUO
1003 1735 1030 1786 S.

176 1851 188 1900 1
261 1839 359 1898 Amavi
375 1856 470 1898 curam
485 1847 514 1898 et
531 1837 752 1900 sollicitudinem
766 1849 858 1914 tuam,
882 1837 974 1916 quod,
997 1856 1059 1898 cum
1071 1837 1206 1900 audisses

200 1939 245 1982 me
257 1931 367 1981 aestate
385 1921 495 1982 Tuscos
511 1939 592 1982 meos
609 1923 777 2000 petiturum,
795 1941 830 1982 ne
846 1921 972 1982 facerem
987 1924 1118 1999 suasisti,
1135 1922 1203 1982 durn

172 2013 279 2083 aputas
298 2003 467 2067 insalubres.
495 2003 548 2065 Est
568 2023 636 2064 sane
658 2007 752 2082 gravis
777 2015 806 2066 et
820 2006 960 2084 pestilens
976 2022 1025 2066 ora
1041 2003 1246 2066 Tuscorumto
1297 2033 1298 2092 p

201 2105 273 2166 quae
292 2105 346 2166 per
365 2086 432 2148 litus
454 2089 627 2148 extenditur:
652 2088 704 2149 sed
724 2088 752 2149 hi
767 2089 869 2168 procul
890 2091 988 2149 amari
1003 2099 1203 2166 recesserunt,
1297 2101 1298 2106 ’

173 2172 267 2250 3quin
283 2173 366 2230 etiarn
380 2171 568 2250 Appennino,
588 2170 774 2232 saluberrimo
787 2175 936 2250 montium,
953 2175 1110 2234 subiacent.
1144 2173 1204 2233 Ad·

200 2272 256 2333 que
267 2255 339 2315 adeo
356 2263 387 2314 ut
398 2273 579 2337 omnem‚pro
600 2274 645 2316 me
661 2265 766 2316 metum
780 2274 888 2335 ponas,
909 2259 1011 2336 accipe
1031 2259 1204 2334 temperiem

201 2337 291 2417 caeli,
311 2340 437 2416 regionis
452 2341 552 2416 situm,
575 2339 660 2399 villae
674 2342 886 2409 amoenitatem
907 2359 980 2420 quae
996 2350 1025 2400 et
1039 2340 1089 2400 tibi
1105 2340 1202 2401 auditu

174 2431 229 2484 tet
243 2424 310 2482 milri
323 2422 415 2483 relatu
426 2422 546 2483 iucunda
556 2431 646 2484 erunt.
670 2421 787 2483 Caelum
802 2433 846 2485 est
860 2422 953 2484 hieme
966 2423 1097 2500 frigidum
1108 2433 1137 2484 et
1149 2420 1242 2502 ge·25
1297 2439 1298 2478 i

200 2505 302 2574 lidum;
324 2515 433 2581 myrtos
450 2506 548 2586 oleas,
571 2526 701 2586 quaeque
722 2507 775 2567 alia
795 2506 912 2568 adsiduo
933 2516 1035 2585 tepore
1051 2506 1201 2582 laetantur,
1297 2505 1298 2598 l

198 2599 364 2668 aspernatur
379 2609 413 2651 ac
433 2593 558 2670 respuit;
580 2590 688 2650 laurum
704 2600 796 2651 tamen
816 2593 920 2669 patitur
932 2600 1018 2668 atque
1036 2592 1120 2651 etiarn
1138 2593 1201 2651 niti-

200 2671 341 2733 dissimam
357 2674 484 2752 profert,
507 2675 663 2752 interdum,
688 2673 740 2734 sed
760 2691 816 2734 non
837 2676 951 2754 saepius
967 2693 1049 2754 quam
1063 2674 1202 2735 suburbe

173 2765 294 2818 5nostra
312 2766 407 2816 necat.
433 2757 559 2819 Aestatis
574 2760 642 2818 mira
659 2757 822 2819 clementia:
841 2766 1021 2836 semperabr
1036 2759 1200 2838 spirituali·

198 2856 255 2917 quo
276 2848 421 2909 moretum
449 2839 625 2919 frequentius
646 2850 740 2901 tamen
761 2859 842 2902 auras
870 2859 952 2921 quam
977 2851 1079 2902 ventos
1103 2842 1240 2903 habenae

172 2921 270 2987 dllinc
292 2941 378 2983 senes
397 2921 491 2983 multi:
516 2922 614 2986 videas
634 2943 703 2986 avos
718 2942 899 3004 proavosque
914 2927 967 2985 ianr
982 2927 1131 3004 iuvenum,
1152 2944 1200 2985 au·

198 3005 257 3066 dias
265 3005 709 3089 fabulasveteressermonesque
717 3011 862 3086 maiorum,
878 3027 1000 3087 cumque
1011 3011 1125 3070 senens
1136 3009 1198 3087 illo,

172 3098 188 3152 7
196 3099 279 3167 putes
294 3088 350 3151 alio
366 3099 395 3151 te
411 3090 528 3152 saeculo
542 3102 645 3152 natum.
666 3092 804 3170 Regionis
817 3093 906 3153 forma
916 3092 1115 3172 pulcherrima.
1129 3092 1198 3152 lma·

197 3175 295 3250 ginare
310 3175 544 3253 amphitheatrum
561 3175 676 3254 aliquod
689 3178 847 3236 inmensum
866 3185 895 3236 et
916 3177 1000 3256 quale
1022 3177 1084 3237 sola
1104 3195 1199 3236 rerum

198 3268 295 3318 natura
311 3261 405 3337 possit
425 3258 579 3336 elingere:
601 3259 656 3318 lata
677 3268 706 3319 et
722 3259 822 3320 dillusa
836 3259 968 3339 planities
983 3261 1123 3321 montibus
1140 3262 1236 3321 cin-³5

197 3342 289 3418 gitur,
305 3352 417 3403 montes
434 3360 540 3404 summa
555 3344 597 3404 sui
613 3352 694 3421 parte
710 3360 829 3420 procera
843 3360 958 3404 nemora
974 3353 1003 3404 et
1024 3346 1135 3422 antiqua
1149 3343 1197 3404 ha·

170 3425 274 3486 8bent.
292 3424 441 3504 Frequens
454 3425 493 3484 ibi
508 3434 537 3486 et
551 3427 628 3486 varia
643 3427 765 3486 venatio.
800 3425 870 3487 Inde
887 3427 1013 3488 caeduae
1028 3427 1118 3489 silvae
1135 3445 1196 3488 eum
1261 3500 1265 3509 μ

197 3509 262 3585 ipso
285 3518 381 3569 monte
402 3509 594 3569 descendunt:
620 3508 671 3582 has
689 3510 762 3569 inter
783 3512 905 3588 pingues
925 3514 1089 3590 terrenique
1104 3509 1196 3573 colles
