2614 4104
329 304 593 367 ruuaoumcns
614 315 659 369 ιο.
672 279 772 370 inu.
785 316 830 369 sc.
1020 306 1085 370 aco

82 476 130 518 res
144 457 231 518 babet
244 456 391 536 frugalitas
404 459 541 536 principis
556 466 586 518 nt
603 467 646 518 tot
667 458 824 537 inpendiis,
851 468 894 520 tot
913 461 1085 539 erogationi·

83 541 136 600 bus
150 540 212 601 sola
224 539 367 602 sufficiat?
380 541 452 601 Nam
463 541 530 620 quid
543 550 588 601 est
599 559 703 602 causae
724 559 775 602 cur
791 541 854 604 aliis
873 543 1003 622 quidem,
1020 561 1085 604 curn

82 625 174 684 omnia
187 634 320 704 raperent
334 635 363 684 et
376 635 456 703 rapta
469 627 641 701 retinerent,
667 635 697 686 ut
711 627 737 686 si
751 625 819 685 nihil
833 629 1008 705 rapuissent,
1034 627 1084 687 do·

81 707 188 767 inerint
203 711 312 786 omnia,
340 709 408 784 tibi,
434 727 498 769 cum
515 717 569 770 tam
584 707 669 768 multa
684 708 812 786 largiaris
828 718 858 770 et
871 709 940 770 nihil
958 710 1082 786 auferas,

52 791 174 860 5omnia
194 788 359 871 supersint?
381 790 539 871 Numquam
560 793 736 870 principibus
757 790 910 854 defuerunt
924 796 972 872 qui
989 793 1083 854 ironte

80 875 154 934 tristi
169 884 199 934 ct
212 877 292 952 gravi
303 873 458 954 supercilio
470 875 634 937 utilitatibus
646 876 709 940 bsai
721 879 925 938 contumaciter
939 877 1086 940 adessent.

78 957 119 1018 Et
131 966 213 1018 erant
223 960 369 1038 principes
380 959 436 1037 ipsi
449 977 500 1020 sna
511 967 615 1037 sponte
628 958 702 1019 addi
713 967 743 1020 et
753 977 874 1038 rapaces
889 969 920 1022 et
933 963 981 1040 qni
996 963 1084 1040 magi·

78 1043 147 1102 stris
162 1058 220 1101 non
233 1051 368 1119 egerem
383 1041 464 1122 plura
477 1052 570 1103 ιιιιιιοιι
578 1059 694 1120 semper
707 1042 817 1104 anobis
832 1054 931 1106 contra
944 1063 997 1106 nos
1013 1045 1083 1106 didi·

80 1134 192 1184 cerunt.
220 1124 279 1185 Sed
291 1125 327 1184 ad
340 1134 402 1187 tuas
416 1144 500 1188 aures
516 1143 580 1186 cnm
595 1129 701 1188 ceteris
718 1127 848 1188 omnibus
862 1136 920 1188 ιιιιιι
934 1128 983 1187 vel
996 1130 1083 1188 maxi·

36 1220 126 1272 tome
146 1210 238 1269 araris
259 1207 464 1270 adulationibus
485 1209 648 1270 obstructus
664 1219 709 1271 est
723 1208 824 1270 aditus.
861 1209 953 1271 Silam
967 1227 1038 1289 ergo
1054 1221 1084 1272 et

79 1293 251 1371 quiescunt,
277 1303 307 1353 et
323 1302 473 1373 postquam
493 1310 552 1352 non
563 1303 609 1356 est
628 1294 675 1352 cui
690 1291 858 1369 suadeatur,
884 1297 932 1372 qui
947 1293 1084 1354 suadeant

77 1392 136 1435 non
150 1385 225 1436 sunt.
249 1374 313 1449 Quo
331 1378 426 1437 evenit
440 1386 486 1452 ut,
504 1376 727 1455 cumplurimum
739 1377 790 1438 tibi
805 1393 858 1455 pro
871 1379 945 1455 tuis,
962 1376 1028 1456 plus
1042 1386 1083 1436 ta·

77 1477 145 1520 men
162 1476 215 1538 pro
230 1462 335 1521 nostris
348 1461 473 1520 moribus
487 1458 651 1521 debeamus.

140 1541 366 1622 locupletabant
385 1553 416 1605 et
436 1544 536 1605 liscum
550 1553 579 1605 et
594 1545 732 1605 aerarium
748 1562 805 1605 non
819 1554 876 1606 tam
889 1543 1035 1607 Voconiae
1052 1556 1081 1606 et
1091 1547 1134 1610 42

36 1626 170 1697 151nliae
184 1626 268 1705 leges
280 1645 362 1707 quam
375 1629 528 1689 maiestatis
538 1627 682 1705 singulare
693 1637 723 1688 ot
738 1630 849 1688 unicum
863 1630 970 1688 crimen
985 1645 1083 1688 eoram

78 1712 129 1790 qni
146 1712 261 1771 crimino
273 1719 416 1772 vacarent.
437 1710 526 1771 Huius
538 1721 573 1771 ιιι
586 1721 692 1772 metum
708 1713 822 1792 penitus
839 1712 996 1790 sustulisti,
1013 1729 1082 1773 con·

77 1804 176 1856 tentus
195 1795 404 1873 magnitudine,
431 1813 486 1874 qua
506 1794 576 1854 nulli
590 1797 681 1872 magis
695 1804 846 1856 carnerunt
865 1813 950 1874 quam
964 1796 1012 1875 qni
1027 1796 1095 1856 sibi-

76 1879 255 1939 maiostatem
268 1879 455 1940 vindicabant.
481 1877 601 1940 Reddita
622 1888 667 1938 cst
682 1880 780 1939 amicis
794 1878 884 1956 lides,
906 1878 1004 1940 liberis
1020 1880 1082 1958 pie·

77 1971 141 2039 tas,
164 1961 332 2040 obsequium
346 1963 454 2024 servis:
474 1969 610 2024 verentur
623 1972 653 2022 ot
667 1972 766 2040 parent
780 1971 809 2023 et
824 1961 952 2024 dominos
967 1962 1081 2023 babent.

34 2043 144 2111 bullon
161 2047 235 2106 enim
248 2047 303 2107 iam
316 2047 393 2108 servi
409 2048 498 2107 nostri
513 2047 649 2125 principis
665 2047 757 2124 amici,
773 2045 827 2108 sed
836 2064 890 2108 nos
903 2065 1013 2125 sumus,
1027 2063 1083 2106 nec

76 2137 163 2208 pater
182 2131 289 2208 patriae
309 2130 410 2191 alienis
425 2149 458 2190 se
476 2131 624 2209 mancipiis
647 2132 785 2191 cariorem
800 2148 883 2210 quom
897 2131 1009 2193 civibus
1022 2131 1082 2191 suis

78 2212 180 2274 credit.
212 2211 318 2275 Omnes
338 2223 505 2275 accusatore
525 2212 684 2275 domestico
704 2213 832 2274 liberasti
852 2231 966 2293 unoque
983 2214 1081 2276 salutis

76 2294 213 2376 publicae
227 2299 311 2375 signo
325 2296 413 2374 illud,
437 2305 468 2357 ut
480 2300 525 2358 sio
539 2297 674 2373 dixerim,
691 2297 796 2358 seruile
812 2296 917 2358 bellum
932 2296 1082 2358 sustulisti.

76 2379 185 2458 Inuum
206 2398 262 2441 non
281 2383 372 2442 minus
389 2383 481 2442 serris
501 2397 583 2460 ιιιιιιιιι
598 2380 718 2441 dominis
737 2382 915 2460 praestitisti:
939 2380 993 2440 laos
1007 2381 1081 2440 enim

34 2469 67 2522 25
77 2481 219 2541 securos,
233 2464 299 2526 illos
314 2465 405 2526 bonos
421 2465 528 2526 iecisti.
554 2463 621 2525 Non
633 2465 677 2525 vis
691 2465 799 2526 interea
816 2463 937 2532 lundarir
951 2481 1006 2525 nec
1022 2462 1081 2523 ior·

76 2558 158 2608 tasse
172 2546 307 2610 laudanda
321 2551 390 2610 sint:
411 2558 492 2626 grata
506 2557 571 2609 sunt
585 2556 679 2608 tamen
695 2547 909 2609 recordantibus
924 2548 1081 2628 prinoipem

76 2629 206 2691 illumin
226 2634 318 2712 capita
336 2632 510 2693 dominorum
530 2649 633 2694 servos
654 2632 854 2693 subornantem
867 2640 1081 2692 monstrantem·

78 2732 138 2792 que
154 2715 269 2778 crimina
282 2733 355 2795 quae
369 2725 509 2794 umquam
523 2715 615 2777 delata
630 2717 756 2795 puniret:
775 2732 905 2793 magnum
920 2724 949 2775 ot
963 2715 1081 2776 inevita-

76 2798 139 2858 bile
157 2815 191 2858 ac
206 2801 312 2860 totiens
329 2801 433 2878 cuique
453 2800 656 2879 experiendum
668 2799 786 2875 ιιιιιΙιιιιι,
813 2798 945 2877 potiens
959 2800 1082 2878 quisqam

32 2880 190 2948 assimiles
210 2885 332 2962 principi
351 2901 453 2946 muros
473 2883 600 2944 baberet.
635 2882 667 2943 ln
681 2881 783 2944 eodem
796 2901 905 2960 genere
919 2882 1081 2961 ponendum
1091 2877 1131 2941 43

77 2966 222 3044 estquod
244 2975 411 3028 testamenta
427 2975 525 3028 nostra
543 2985 645 3028 secura
663 2976 746 3044 sunt,
774 2984 830 3027 nec
851 2985 923 3028 unns
947 2965 1080 3041 omnium,

76 3066 155 3110 nnnc
169 3052 233 3128 quie
249 3052 384 3130 scriptus,
403 3067 478 3110 nunc
490 3051 555 3129 quia
570 3067 625 3110 non
639 3052 776 3128 scriptus,
790 3049 887 3111 beros.
906 3049 971 3110 Non
984 3059 1015 3109 ιιι
1029 3047 1081 3106 ial-

76 3135 137 3210 sis,
165 3150 221 3194 non
235 3143 266 3194 tu
280 3135 383 3214 iniquis
397 3133 500 3195 tabulis
512 3133 672 3196 advoceris.
706 3132 818 3195 Nullius
831 3133 866 3194 ad
881 3141 911 3192 te
925 3129 1080 3208 iracundia,

77 3215 185 3277 nullius
201 3218 340 3297 inpietas,
355 3216 459 3278 nullius
473 3217 552 3277 iuror
567 3218 709 3296 coniugia
723 3235 779 3278 nec
790 3218 856 3295 quia
866 3214 983 3276 offendit
996 3213 1079 3290 alius,

32 3303 268 3379 35nuncnparis,
293 3300 347 3362 sed
361 3302 425 3380 quia
446 3303 509 3379 ipse
523 3303 659 3362 mernisti.
695 3299 837 3360 Scriberis
853 3299 889 3359 ab
902 3298 1018 3374 amicis,
1045 3296 1080 3356 ab

78 3386 188 3461 ignotis
202 3386 383 3463 praetenuis,
399 3384 525 3462 nihilque
540 3385 614 3445 inter
626 3384 765 3464 privatum
779 3391 809 3443 et
826 3381 984 3461 principem
994 3382 1080 3440 inter·

77 3477 143 3544 est,
168 3469 223 3530 nisi
239 3468 316 3547 qnod
338 3486 413 3528 nnnc
434 3486 451 3528 a
467 3466 596 3546 pluribus
617 3469 732 3528 amaris:
759 3474 866 3526 namet
882 3465 1079 3543 plnresamas.

77 3550 176 3630 Tene,
193 3549 315 3631 Caesar,
331 3552 406 3611 hunc
424 3569 553 3628 cursum,
572 3561 602 3611 et
615 3550 780 3630 probabitur
794 3549 990 3628 experimento
1006 3546 1081 3607 sitne
