2632 4096
327 281 590 344 EPISTULARUM
604 280 654 342 111.
677 294 720 346 ro.
737 294 780 345 11.
798 294 839 346 ιι.
1044 283 1086 348 57

100 436 241 494 amicorum
254 436 281 494 in
294 437 383 496 maltro
396 433 529 496 extollat:
545 435 609 495 inde
625 437 710 496 etiam
721 451 815 495 meum
829 438 960 498 meritum
973 445 1004 496 ut
1017 455 1087 498 vora

98 520 133 577 ita
150 535 233 596 sopra
251 520 380 580 meritum
402 518 613 596 praedicatione
634 518 807 578 circumfert.
842 517 1000 598 Equidem,
1022 533 1116 584 cuma

98 609 187 662 essent
205 601 368 680 philosophi
389 602 425 662 ab
446 603 518 663 urbe
538 604 685 679 summoti,
708 601 749 661 lui
764 601 839 681 apud
852 601 930 662 illum
943 606 973 663 in
987 604 1087 666 subur·

97 686 179 761 bano,
199 695 228 746 st
243 701 300 765 qno
315 685 485 763 notabilius,
499 685 557 748 hoc
572 695 617 747 est
629 685 821 765 periculosius
836 695 932 764 esset,
950 686 991 746 lui
1005 703 1087 764 prae·

75 777 143 836 ator.
170 767 320 830 Pecuniam
334 770 436 848 etiam,
451 786 507 848 qua
519 779 586 830 mne
601 769 641 830 illi
655 769 793 848 ampliore
809 787 882 849 opus
898 779 976 848 erat,
991 779 1022 830 ut
1035 788 1086 830 aes

94 851 206 912 alanum
220 853 387 914 exsolveret
399 861 572 914 conbaotum
582 871 620 916 ex
631 853 829 931 pulcherrimis
840 856 946 932 causis,
960 871 1086 915 mussan·

95 936 162 996 tibus
180 939 290 1014 magnis
311 937 478 1015 quibusdam
499 945 530 998 et
548 937 740 1017 locupletibus
756 939 855 1000 amicis
868 945 1008 1000 mutuatus
1022 938 1086 1017 ipse

93 1021 230 1095 gratuitam
244 1020 319 1081 dedi.
340 1020 444 1100 Adquo
458 1021 531 1082 baec
547 1021 617 1098 ieci,
633 1037 698 1080 cum
711 1030 825 1100 septem
839 1024 937 1082 amicis
952 1022 1025 1083 meis
1039 1028 1115 1082 auto

93 1105 190 1163 occisis
205 1113 253 1164 aut
266 1103 419 1182 relegatis,
442 1105 725 1180 occisis,Senecionc
739 1105 859 1166 Rustico
874 1104 1022 1180 Helvidio,
1039 1123 1085 1165 re·

60 1185 186 1264 lolegatis
201 1186 329 1248 Maurico
343 1187 458 1249 Gratilla
471 1187 554 1249 Arria
567 1188 686 1264 Fannia,
709 1197 752 1248 tot
771 1191 848 1248 circa
867 1206 913 1248 me
933 1190 1014 1249 iactis
1031 1187 1084 1247 lul-

91 1271 202 1330 minibus
224 1273 306 1351 quasi
326 1271 472 1332 ambustus
493 1273 559 1332 mibi
581 1290 695 1352 quoque
709 1270 865 1349 inpendere
880 1270 955 1332 idem
970 1273 1085 1331 exitium

93 1354 170 1412 certis
191 1354 358 1433 quibusdam
379 1357 454 1416 notis
475 1373 635 1433 augmarer.
667 1353 732 1414 Non
752 1353 818 1414 ideo
838 1364 932 1416 tamen
954 1355 1113 1414 eximiaml

91 1434 200 1512 gloriam
214 1440 356 1498 meruisse
370 1455 428 1516 mo,
443 1449 475 1498 ut
488 1439 538 1500 ille
552 1439 708 1518 praedicat,
724 1438 813 1500 credo
829 1439 882 1498 sed
893 1447 999 1498 tantum
1014 1438 1084 1498 eliu·

91 1521 162 1596 ossa
175 1521 321 1600 flagitium.
342 1521 413 1582 Nam
428 1532 457 1584 et
473 1521 505 1582 (l.
521 1521 695 1600 Musonium,
714 1539 846 1584 socerum
862 1524 936 1600 eius,
953 1524 1114 1602 qnantumb

60 1601 189 1668 toletum
204 1615 250 1667 est
265 1624 321 1685 per
333 1615 472 1684 aetutem,
496 1623 560 1668 cum
580 1607 761 1668 admiratione
777 1606 864 1666 dilexi
880 1615 909 1666 et
922 1605 1083 1666 Artemido-

90 1704 146 1746 rsm
158 1690 250 1767 ipsum
265 1691 319 1750 iam
334 1697 408 1767 tum,
431 1707 494 1749 cnm
505 1693 537 1750 in
550 1691 631 1765 Syria
646 1691 774 1753 tribunus
788 1689 953 1767 militarem,
969 1699 1029 1749 arta
1042 1688 1083 1748 fa·

90 1770 237 1834 milimitata
260 1773 427 1853 complexas
448 1792 527 1852 sum,
549 1775 633 1854 idque
654 1775 774 1853 primum
792 1771 965 1834 nonnullius
981 1771 1083 1832 indolis

91 1852 149 1914 dedi
162 1857 324 1934 specimen,
340 1858 417 1937 quod
431 1860 521 1918 virum
535 1866 583 1918 aut
597 1859 754 1936 sapientem
769 1866 816 1917 aot
829 1856 988 1935 proximum
996 1854 1083 1916 simil·

90 1935 233 2019 Ιίιιιιιιιιῐιιε
242 1942 370 2020 xsapienti
384 1941 553 2019 intellegere
568 1959 630 2002 sum
643 1945 731 2002 visus.
759 1938 830 2000 Nam
844 1958 882 2000 ex
897 1939 1024 2000 omnibus
1035 1941 1112 2015 quio

56 2026 157 2083 maore
175 2041 208 2085 se
235 2024 426 2104 philosophos
445 2033 549 2088 vocant
568 2027 617 2086 vix
637 2043 721 2085 unum
740 2033 787 2086 aut
814 2022 933 2084 alterum
954 2025 1082 2084 invenies

89 2111 157 2168 unta
176 2109 358 2186 sinceritate,
380 2117 455 2170 unta
475 2110 602 2172 veritate.
631 2107 712 2168 blitto
732 2125 786 2187 qua
802 2108 934 2185 patientia
952 2108 1082 2184 corporis

90 2187 190 2252 hiemes
204 2192 284 2253 iuxta
299 2201 328 2252 et
341 2202 466 2254 aestates
481 2193 566 2270 ierat,
581 2202 613 2254 nt
627 2191 711 2254 nullis
725 2191 872 2256 laboribus
887 2190 980 2268 cedat,
996 2199 1027 2248 ut
1040 2192 1082 2250 ni·

89 2270 124 2331 bil
138 2275 165 2334 in
179 2277 258 2353 cibo,
273 2277 302 2336 in
316 2284 386 2355 potu
400 2275 592 2355 voluptatibus
609 2278 728 2353 tribuat,
743 2285 774 2335 ut
788 2274 889 2338 oculos
903 2276 1081 2352 animumque

90 2359 231 2420 minsas
264 2359 335 2420 Sunt
349 2359 420 2422 baec
435 2377 552 2438 magna,
568 2359 663 2424 sedin
677 2359 747 2428 alio;
762 2361 791 2418 in
804 2358 861 2418 hoc
874 2375 944 2418 vcro
959 2358 1109 2430 minima?

56 2439 111 2500 ossi
124 2445 227 2503 caicus
242 2444 393 2506 virtutibus
409 2453 626 2522 comparentur,
649 2443 751 2522 quibus
771 2444 873 2501 meruit
891 2449 921 2501 ut
937 2459 953 2500 a
969 2437 1003 2499 0.
1019 2437 1081 2498 llu-

89 2525 163 2584 sosio
175 2545 214 2590 es
228 2528 358 2588 omnibus
375 2529 497 2589 omnium
511 2527 639 2588 ordinum
657 2525 881 2588 adsectatoribus
895 2541 986 2601 gener
1000 2521 1082 2581 adsu-

89 2619 212 2676 mommo.
241 2609 322 2684 Quae
336 2611 403 2672 mibi
416 2610 578 2674 recordanti
593 2619 639 2672 est
652 2608 766 2689 quidem
780 2606 931 2669 iucundum
946 2606 1021 2684 qnod
1035 2615 1110 2669 mett

91 2705 148 2750 cum
165 2694 240 2772 apud
261 2694 334 2754 alios
355 2703 413 2754 tum
434 2694 510 2773 apud
530 2703 559 2755 te
581 2696 665 2755 tantis
679 2691 808 2752 laudibus
825 2689 962 2765 cumulat,
977 2705 1082 2750 vereor

90 2779 173 2836 tamen
191 2797 228 2838 ne
248 2779 361 2838 modum
381 2778 520 2855 excedat,
542 2796 627 2857 quem
647 2776 806 2853 benignitas
827 2776 890 2834 eius
911 2773 992 2852 (illuc
1008 2775 1082 2834 enim

56 2855 155 2918 onds
170 2863 255 2941 coepi
268 2861 414 2940 revertor)
428 2879 485 2922 non
499 2861 575 2922 solet
589 2871 698 2922 tenere.
726 2858 797 2919 Nam
812 2860 841 2918 in
855 2858 911 2918 boc
925 2875 983 2919 uno
996 2860 1110 2920 inter-9

90 2938 147 3000 dum
158 2945 201 3004 vir
219 2945 327 3024 alioqui
341 2945 575 3024 prudentissimus
590 2946 712 3005 honesto
729 2943 843 3022 qmdem
857 2942 910 3002 sed
929 2951 1022 3002 tamam
1036 2959 1082 3000 er-

89 3039 147 3166 ‘voss
165 3038 313 3106 '‘w'’
333 3029 410 3109 ΨΜ
430 3029 520 3110 Plutia
539 3031 647 3094 amicos
662 3045 730 3090 suos
747 3043 830 3105 quam
845 3035 910 3087 sunt
923 3026 1080 3087 arbitratur.

136 3127 161 3170 e.

57 3276 85 3332 ὣ
289 3345 317 3401 G.
336 3343 461 3400 PLINIUS
476 3243 606 3396 Gbfflxllll
621 3341 748 3394 SEVERO
764 3340 825 3394 SUO
841 3340 868 3391 S.

141 3441 254 3510 Veniam
268 3447 303 3511 ad
319 3464 435 3524 cenam,
451 3445 506 3512 sed
517 3447 572 3506 iam
585 3462 659 3516 nunc
674 3444 807 3523 paciscor
821 3443 859 3504 ait
873 3441 1023 3520 expedita,
1046 3439 1105 3499 siti

91 3540 185 3608 pmcn,
205 3529 358 3593 Soomtids
378 3540 484 3592 tantum
504 3529 684 3591 sermonibus
698 3525 839 3601 abundet,
861 3526 890 3584 in
906 3523 951 3586 bis
966 3539 1082 3603 quoquo
