2616 4096
216 295 279 362 1⁵0
640 295 673 358 (l.
695 295 792 359 IIIIII

216 449 332 524 domus,
352 457 472 528 reperte
494 448 604 529 dilapsa
624 448 730 509 desen‘t
751 449 897 510 comitem:
924 449 1055 510 desertus
1072 447 1177 509 berbas
1192 455 1221 508 et

174 532 285 596 11tolia
299 541 455 612 concerpta
474 535 585 612 signum
599 531 665 593 loeo
681 534 771 610 ponit.
803 531 924 594 Postero
942 531 989 592 dle
1002 530 1061 592 adit
1074 532 1219 608 magistra·

215 628 271 693 tus,
287 626 383 678 monet
397 615 519 677 utillum
534 617 629 677 locum
645 615 731 676 effodi
745 615 870 677 iubeant.
895 615 1078 676 Inveniuntur
1093 632 1163 675 ossa
1179 615 1220 674 in-

215 710 290 762 serta
312 702 419 762 cetenis
438 708 467 760 et
485 700 627 778 inplicita,
650 717 724 778 quae
739 716 844 777 corpus
858 717 930 760 aevo
945 708 1078 778 terraque
1094 697 1219 778 putrefa-

215 796 290 846 ctum
304 784 377 844 nuda
392 793 421 843 et
435 801 523 845 exesa
543 783 698 861 reliquerat
711 781 846 843 vinculis:
865 783 988 845 collecta
1002 781 1120 862 publice
1134 794 1243 860 sepe-5

174 868 327 930 narrentur.
359 866 467 927 Domus
485 877 587 944 postea
604 867 659 926 rite
680 865 800 927 conditis
815 867 943 928 manibus
963 867 1061 927 canuit.
1092 864 1131 924 Et
1144 865 1220 926 haee

215 950 328 1033 quidem
341 949 550 1012 adfirmantibus
565 948 668 1011 credo:
683 948 753 1010 illud
767 949 913 1011 adfirmare
929 950 991 1010 aliis
1006 968 1133 1028 possum.
1165 947 1221 1008 Est

213 1035 333 1095 libertus
349 1033 431 1110 mibi,
454 1051 510 1094 non
529 1032 707 1096 inlitteratus.
741 1031 810 1094 Gum
832 1033 888 1094 boc
906 1036 997 1094 minor
1010 1034 1099 1094 frater
1116 1030 1220 1092 eodem

212 1118 291 1180 lecto
304 1118 481 1196 quiescebat.
499 1116 527 1179 Is
545 1119 623 1179 visum
636 1126 681 1178 est
695 1118 751 1177 sibi
768 1135 889 1178 cernere
905 1117 1044 1196 quendam
1056 1119 1085 1176 iu
1095 1124 1161 1177 toro
1173 1133 1219 1174 re-

213 1202 353 1263 sidentem
372 1201 626 1282 admoventemque
655 1203 739 1278 capiti
762 1217 815 1262 suo
839 1199 947 1262 cultros
968 1199 1060 1281 adque
1076 1201 1162 1260 etiam
1182 1217 1220 1258 ex
1228 1214 1257 1266 ro

213 1287 277 1364 ipso
292 1287 402 1346 vertice
419 1296 606 1366 amputantem
626 1283 756 1363 capillos.
784 1284 839 1345 Ubi
854 1285 970 1361 inluxit,
986 1286 1049 1364 ipse
1065 1285 1141 1344 eirca
1152 1301 1219 1342 ver·

172 1377 206 1432 13
213 1372 299 1430 baem
312 1379 428 1447 tonsus,
447 1369 543 1449 caleli
558 1372 686 1430 iacentes
702 1370 889 1447 reperiuntur.
922 1367 1064 1446 Exiguum
1078 1368 1218 1445 temporis
1299 1393 1300 1478 p

212 1453 345 1530 medium,
364 1462 393 1514 et
407 1471 505 1513 rursus
521 1449 613 1514 slmile
629 1451 704 1512 aliod
721 1454 807 1528 priori
822 1452 905 1512 iidem
916 1451 995 1512 fecit.
1017 1450 1091 1512 Puer
1104 1452 1134 1509 in
1147 1467 1218 1529 pae-
1299 1479 1300 1520 i

213 1537 336 1616 degogio
356 1538 460 1597 mixtus
487 1535 616 1614 pluribus
639 1535 810 1597 dormiebat:
835 1546 974 1596 venemnt
997 1553 1050 1614 per
1073 1534 1216 1594 fenestras
1299 1535 1300 1540 ’

213 1621 267 1700 (ita
280 1619 388 1698 narrat)
403 1623 431 1680 in
449 1621 553 1681 tunicIs
567 1618 640 1681 albis
661 1618 716 1678 duo
734 1620 941 1698 cubantemque
956 1617 1163 1694 detonderunt,
1187 1626 1216 1677 et
1226 1625 1255 1676 lt

213 1722 267 1783 qua
284 1714 421 1766 venerant
441 1713 633 1766 recesserunt.
665 1701 747 1763 Hunc
768 1721 882 1782 quoque
903 1712 1017 1764 tonsum
1040 1718 1216 1781 sparsosque

171 1799 205 1854 14
214 1791 290 1850 cirea
306 1788 427 1865 capillos
441 1788 503 1849 dies
518 1787 651 1849 ostendit.
684 1785 760 1846 Nibil
777 1786 901 1848 notabile
916 1794 1056 1863 secutum,
1071 1787 1126 1844 nisi
1140 1784 1216 1845 lorte

213 1871 289 1950 qnod
302 1890 359 1932 non
374 1872 414 1932 lui
426 1891 504 1949 reus,
519 1871 647 1946 iuturus,
663 1872 687 1931 si
701 1869 894 1948 Domitianus,
911 1871 964 1931 sub
980 1886 1036 1949 qino
1051 1868 1124 1928 baec
1139 1870 1215 1928 acci-

213 1955 330 2030 demnt,
354 1955 456 2016 diutius
471 1957 600 2015 vixisset.
631 1952 702 2014 Nam
720 1955 748 2012 in
762 1956 867 2014 scrinio
884 1955 946 2014 eius
963 1953 1073 2014 detnsa
1088 1950 1163 2012 Caro
1180 1950 1215 2011 de

211 2057 257 2097 me
271 2036 388 2099 libellus
402 2040 533 2100 inventus
548 2046 607 2107 est;
627 2056 665 2098 ex
687 2055 743 2116 quo
765 2039 919 2098 coniectari
934 2046 1047 2115 potest,
1074 2037 1140 2114 quta
1156 2037 1253 2098 reisbo

211 2123 299 2181 moris
314 2131 361 2182 est
380 2123 555 2182 summittere
577 2120 726 2200 capillum,
747 2123 859 2182 recisos
879 2138 1005 2181 meorum
1028 2117 1149 2198 capillos
1166 2118 1215 2178 de·

211 2203 288 2282 pulsi
310 2204 387 2283 quod
408 2204 571 2265 immInebat
589 2202 710 2282 perIculi
730 2205 840 2281 signum
862 2204 962 2266 fuisse.
1001 2202 1120 2264 Proinde
1140 2219 1216 2279 rogo

170 2288 398 2381 IperuditIonem
413 2298 487 2350 tuam
500 2287 637 2349 intendas.
658 2287 750 2365 Digna
763 2306 813 2349 res
828 2298 874 2350 est
889 2306 971 2367 mern
982 2287 1029 2348 diu
1040 2285 1215 2364 multumque

212 2372 394 2435 consideres:
408 2392 445 2434 ne
460 2390 516 2451 ego
532 2372 644 2450 quidem
658 2370 788 2449 indIgnus
807 2373 853 2432 cui
867 2373 979 2451 copiam
996 2372 1132 2433 scientiae
1147 2378 1215 2430 tuae

169 2463 202 2518 16
211 2455 308 2520 facias.
329 2455 410 2518 Licet
426 2458 509 2518 etiam
523 2465 669 2534 utramque
683 2456 711 2514 ln
726 2463 845 2534 partem,
862 2464 893 2514 nt
907 2453 998 2531 soles,
1015 2453 1156 2533 disputes,
1175 2460 1252 2514 exat

210 2538 299 2600 altera
318 2550 412 2602 tamen
429 2540 546 2618 fortius,
572 2556 609 2600 ne
623 2556 669 2599 me
683 2556 853 2618 suspensum
868 2540 1063 2618 lucentemque
1078 2536 1213 2614 dimittas,

211 2641 274 2683 eum
285 2624 351 2684 mibi
369 2623 536 2686 consulendi
555 2641 640 2685 causa
653 2622 737 2682 fuerit
755 2631 784 2682 ut
799 2622 926 2682 dubitare
941 2621 1111 2682 desinerem.
1129 2618 1213 2680 Vale.

642 2753 772 2816 XXVIII.

481 2853 509 2904 o.
525 2853 651 2906 numus
667 2851 812 2907 sueorum
830 2849 891 2903 suo
907 2851 934 2904 e.
1220 2870 1251 2922 30

183 2969 200 3020 I
271 2955 323 3018 Ais
341 2955 477 3035 quosdam
486 2956 560 3037 apud
570 2966 599 3018 tc
610 2954 843 3035 reprehendisse,
858 2963 998 3030 tamquam
1012 2951 1120 3011 amicos
1130 2967 1212 3011 meos

184 3049 246 3102 Iex
263 3041 337 3101 omni
353 3042 505 3101 occasione
521 3039 592 3100 ultra
604 3038 847 3099 modumlaudem.
869 3035 1008 3113 Agnosco
1021 3035 1138 3109 eumen,
1154 3050 1213 3093 am-

209 3123 324 3204 plector
343 3125 435 3184 etlam.
466 3120 540 3195 Quid
559 3125 633 3182 enim
654 3123 802 3184 bonesIIus
825 3118 910 3199 culpa
929 3113 1132 3195 benignitatis?
1155 3115 1213 3190 Qui

209 3217 273 3268 sunt
289 3218 382 3268 tamen
395 3207 442 3267 Isti
458 3208 505 3284 qui
518 3208 626 3268 amicos
639 3224 721 3267 meos
736 3204 839 3266 melius
854 3199 968 3264 rmrintl
989 3201 1048 3262 Sed
1062 3209 1093 3262 ut
1105 3203 1211 3278 norint,

209 3292 277 3370 quid
292 3290 416 3350 invident
435 3289 501 3349 mibi
518 3289 685 3351 felicissimo
707 3283 828 3349 errore?
850 3285 888 3347 Ut
903 3287 978 3346 enim
993 3301 1051 3345 non
1065 3285 1121 3344 sint
1135 3283 1250 3348 talesdt

209 3374 308 3454 quales
322 3392 339 3433 a
354 3390 400 3434 me
415 3373 623 3452 praedicantur,
639 3390 696 3451 ego
709 3382 803 3432 tamen
817 3371 930 3446 beatus,
946 3368 1023 3449 quod
1034 3367 1100 3428 mibi
1111 3367 1211 3428 viden-

183 3466 262 3519 etur.
283 3457 372 3534 Igitur
393 3457 428 3516 ad
446 3454 517 3519 alios
532 3457 605 3516 banc
624 3457 764 3517 siuistram
781 3454 953 3532 ditigenriam
968 3451 1132 3526 conferant,
1154 3469 1211 3513 nec

208 3549 273 3598 sunt
289 3555 386 3618 parum
404 3538 500 3616 multi,
524 3541 572 3618 qni
593 3557 712 3617 carpere
726 3541 834 3598 amicos
848 3555 918 3599 suos
940 3536 1073 3597 iudIcium
1088 3545 1210 3597 vocant:
