2632 4102
397 290 662 354 EPISTULARUM
672 289 711 352 ll.
733 302 757 354 5.
770 299 798 356 6.
1066 285 1106 354 27

101 465 165 510 sum
186 454 293 507 statuae
316 453 400 523 caput
419 454 467 504 aut
486 445 642 505 membrum
659 442 775 522 aliquod
793 444 972 523 inspiceres,
998 460 1055 505 non
1075 451 1106 504 tu

104 531 220 610 quidem
234 548 272 590 ex
287 527 338 588 illo
353 545 458 608 posses
477 530 691 606 ccngmentiam
709 527 968 606 aequalitatemque
983 526 1106 607 depren-

102 615 190 692 dere,
212 630 316 692 posses
336 621 430 672 tamen
451 611 576 672 iudicare
591 631 627 673 an
641 611 670 671 id
684 612 777 688 ipsum
797 612 866 674 satis
880 609 999 688 elegans
1013 619 1104 672 esset.

99 697 164 758 Nec
186 696 241 757 alia
260 715 297 757 ex
319 713 403 756 causa
423 697 626 774 principiorum
652 694 717 755 libri
744 694 996 773 circumlemntnr,
1022 711 1105 771 quam
1113 703 1147 756 12
1171 709 1185 736 ι’

75 782 166 862 aquia
187 781 363 842 existimatur
378 797 445 858 pars
465 778 558 858 aliqua
575 781 659 840 etiarn
679 779 741 839 sine
763 779 867 839 ceteris
881 797 948 839 esse
963 777 1105 858 perlecta.

99 865 226 943 Longius
240 882 286 924 mc
307 865 439 942 provexit
459 861 581 923 dulcedo
603 860 741 940 quaedam
760 870 856 922 tecum
875 859 1025 940 loquendi:
1051 859 1103 922 sed
1114 867 1148 922 13

97 950 153 1010 iam
168 950 254 1008 linem
267 947 378 1024 iaciam,
393 965 429 1006 ne
443 946 567 1024 modum,
583 963 669 1025 quem
685 946 768 1006 etiam
785 947 903 1006 orationi
917 943 1105 1006 adhibendum

99 1039 181 1111 pirto,
197 1034 225 1092 in
241 1029 362 1111 epistula
377 1029 526 1091 excedam.
556 1029 637 1090 Vale.

577 1161 628 1224 Vl.

395 1261 423 1316 c.
442 1261 567 1312 rnmms
585 1261 686 1314 amru
705 1260 766 1313 suo
785 1261 812 1312 s,

156 1365 288 1443 Longum
301 1372 347 1425 cst
360 1361 444 1423 altius
460 1371 612 1441 repetere,
632 1382 689 1425 nec
702 1363 793 1424 refert
810 1362 1043 1443 quemadmodum
1056 1378 1127 1429 ac·1

99 1449 202 1510 ciderit
215 1455 248 1508 nt
261 1445 347 1507 bomo
360 1447 473 1507 minime
487 1445 630 1508 familiaris
652 1466 784 1509 cenarem
801 1445 878 1527 apud
898 1446 1053 1527 quendam,
1074 1458 1106 1508 ut

99 1534 153 1594 sibi
167 1531 336 1608 videbatur,
357 1529 463 1590 lautum
477 1539 507 1590 et
522 1529 703 1610 diligentem,
718 1540 749 1592 ut
762 1531 846 1609 mibi,
865 1530 1008 1592 sordidum
1021 1531 1103 1591 simul

59 1635 90 1687 15
99 1627 128 1678 et
151 1623 359 1696 sumptuosum.
389 1612 460 1674 Nam
480 1613 536 1674 sibi
551 1622 580 1674 et
594 1617 694 1693 paucis
709 1617 803 1695 opima
818 1615 972 1694 quaedam,
996 1616 1128 1678 ceterisa

98 1699 165 1761 vilia
180 1709 212 1761 et
232 1700 336 1758 minuta
358 1698 492 1777 ponebat.
527 1697 628 1757 Vinum
649 1701 733 1760 etiam
752 1699 878 1780 parvolis
895 1698 1056 1777 lagunculis
1076 1700 1105 1758 in

98 1787 151 1846 tria
165 1800 276 1863 genera
290 1781 498 1861 descripserat,
518 1798 574 1841 non
589 1792 618 1843 nt
634 1792 763 1860 potestas
778 1781 920 1860 eligendi,
941 1781 1045 1843 sedne
1060 1783 1104 1843 ius

100 1877 181 1929 esset
200 1865 370 1944 recusandi,
391 1863 467 1924 aliud
487 1865 543 1926 cibi
564 1875 593 1925 et
613 1867 714 1945 nobis,
736 1866 811 1926 aliud
831 1864 987 1930 minoribns
1006 1867 1104 1927 amicis

101 1953 177 2030 (nam
197 1949 335 2030 gradatim
354 1950 462 2009 amicos
482 1947 599 2028 babet),
623 1949 699 2010 aliud
719 1952 778 2012 suis
797 1952 963 2030 nostrisque
981 1948 1103 2011 libertis.

61 2035 300 2100 acammadvertit
312 2035 360 2111 qui
373 2031 439 2091 mibi
452 2033 596 2111 proximus
611 2035 796 2096 recumbebat
809 2044 839 2095 et
853 2053 888 2094 an
900 2033 1051 2114 probarem
1063 2035 1131 2095 ιιι-3

100 2119 268 2197 terrogavit.
296 2115 416 2194 Negavi.
450 2115 505 2175 ‘l'n
532 2122 616 2194 ergo'
642 2119 731 2196 inquit
753 2123 849 2197 ‘quam
869 2111 1105 2179 consuetudinem

101 2198 273 2283 sequerisi’
305 2198 425 2260 ‘Eadem
445 2201 574 2262 omnibus
590 2218 683 2280 ponc:
703 2201 740 2262 ad
760 2219 859 2262 cenam
879 2204 970 2279 enim,
990 2218 1047 2260 non
1069 2200 1105 2261 od

102 2297 195 2348 notam
214 2286 303 2347 invito
325 2284 601 2362 cunctisquerebus
622 2303 752 2364 exaequo
775 2303 849 2364 quos
867 2302 966 2348 mensa
988 2294 1017 2346 et
1037 2295 1102 2346 toro

101 2371 243 2450 aequavi?
263 2365 404 2430 ‘Etiamne
418 2364 577 2430 libertosi'
600 2367 718 2430 ‘Etiam
737 2371 920 2440 conuictores
935 2371 1011 2430 enim
1022 2376 1127 2445 tunc,t

65 2465 158 2520 u5non
171 2453 294 2514 libertos
310 2456 403 2532 puto.⁹
432 2450 470 2512 Et
491 2451 541 2512 ille
562 2457 677 2531 ‘magno
697 2454 748 2514 tibi
768 2450 919 2517 constati’
952 2451 1102 2512 ‘Minime’

103 2537 171 2612 ‘Qut
191 2539 253 2598 lieri
273 2531 409 2617 potesti’
422 2523 518 2609 l‘Quia
536 2524 764 2598 scilicct¹liberti
783 2539 839 2597 mei
859 2554 916 2597 non
935 2536 1010 2596 idem
1025 2535 1102 2614 quod
1146 2541 1163 2574 a

103 2639 158 2700 ego
173 2622 289 2698 bibunt,
310 2618 452 2682 sedidem
467 2636 523 2697 ego
538 2620 614 2699 qnod
632 2620 749 2681 liberti’
782 2619 820 2682 llt
835 2618 959 2680 Hercule
974 2621 999 2680 si
1016 2617 1127 2697 galaat>

102 2714 257 2787 temperes,
269 2722 326 2765 non
342 2713 389 2764 est
402 2721 554 2764 onerosum
568 2721 625 2784 quo
640 2706 726 2766 utaris
740 2706 805 2784 ipse
820 2705 1027 2765 communicare
1040 2721 1104 2764 oum

103 2790 239 2868 pluribus.
261 2787 313 2849 llla
325 2805 396 2866 crgo
408 2788 597 2867 reprimenda,
613 2788 662 2848 illa
674 2789 754 2868 qnasi
763 2790 792 2849 in
807 2788 934 2850 ordinem
947 2787 1104 2867 redigenda

67 2884 164 2953 coest,
180 2876 206 2937 si
226 2873 385 2953 sumptibus
407 2889 525 2952 parcas,
548 2873 651 2952 quibus
671 2872 814 2953 aliquanto
828 2875 937 2934 rectius
951 2883 1000 2934 tua
1014 2875 1104 2934 conti·

12 3001 14 3020 ι
104 2961 196 3020 nenda
215 2975 298 3039 quam
320 2955 412 3017 aliena
431 2955 601 3018 contumelia
620 2956 762 3018 consulas.
795 2955 926 3031 Quorsus
946 2954 1040 3018 bacci
1065 2962 1126 3017 neb

104 3041 162 3122 tibi,
175 3044 299 3124 optimae
310 3039 414 3102 indolis
424 3041 530 3118 inveni,
543 3041 716 3120 quorundam
729 3043 865 3104 inmensa
879 3042 988 3102 luxuria
1002 3042 1103 3121 specie

105 3123 270 3206 frugalitatis
283 3127 408 3204 inponat.
432 3121 572 3186 Convenit
587 3135 681 3187 antem
694 3127 782 3186 amori
796 3127 865 3189 inte
876 3143 952 3203 meo,
970 3126 1103 3204 quotiens

106 3208 160 3270 tale
181 3209 287 3290 aqumd
309 3207 456 3285 inciderit,
477 3207 531 3268 sub
551 3209 685 3289 exemplo
700 3221 887 3289 praemonere
908 3209 975 3288 qaid
995 3208 1103 3269 debeas

70 3289 211 3371 congere.
237 3293 328 3374 lgitur
341 3301 484 3354 memento
498 3291 566 3352 nibil
580 3295 670 3371 magis
685 3312 754 3356 esse
768 3294 911 3355 vitandum
926 3310 1009 3372 quam
1022 3293 1126 3353 irunt

107 3372 229 3440 luxuriae
245 3387 275 3439 et
290 3377 416 3439 sordium
432 3393 534 3436 novam
551 3379 734 3447 societatem
756 3396 830 3456 quae
846 3395 911 3438 cum
923 3378 981 3438 sint
996 3377 1101 3455 turpis·

60 1213 91 1264 10

108 3459 173 3553 rima
185 3462 309 3526 dbcreta
321 3479 356 3522 ac
369 3469 510 3540 separata,
527 3463 637 3541 turpius
653 3462 814 3540 iunguntur.
846 3458 929 3522 Vale.
