2614 4104
227 318 291 384 254
670 319 704 381 0.
723 317 821 380 PLllll

226 481 386 551 conspectu
402 471 544 531 Romanae
565 471 673 532 sobolis
688 471 808 550 inpleri,
833 487 933 532 omnes
954 482 1045 533 tamen
1067 481 1136 532 aute
1153 491 1237 552 quam

225 565 256 619 te
271 556 400 617 viderent
417 554 562 616 adirentve
577 556 668 634 recipi
683 555 768 616 incidi
782 556 908 633 iussisti,
935 565 965 616 ut
984 557 1038 616 iam
1058 557 1127 616 inde
1143 559 1182 617 ab
1196 559 1237 617 in·

226 641 311 701 lautia
336 648 482 718 parentem
507 637 652 718 publicum
674 655 790 700 munere
818 638 993 700 educationis
1020 642 1235 718 experirentur,

226 732 392 785 crescerent
408 723 443 783 de
459 732 508 783 tuo
524 724 571 801 qni
588 732 753 783 crescerent
767 724 834 801 tibi,
850 722 1047 802 alimentisque
1061 726 1120 784 tuis
1139 723 1177 783 ad
1188 727 1235 785 sti·

226 807 328 886 pendia
339 816 385 866 tua
400 807 599 885 pervenirent,
616 814 779 885 tantumque
795 825 894 868 omues
909 807 956 867 nui
972 808 1021 867 tibi
1036 818 1177 885 qnantum
1189 809 1256 887 pai

225 891 351 952 rentibus
366 891 425 950 sani
441 892 562 968 quisque
580 889 708 951 deberet.
729 890 831 968 Recte,
849 887 965 968 Caesar,
984 891 1059 969 quod
1075 909 1164 970 spem
1180 891 1235 952 lio·

226 977 297 1034 mani
313 974 432 1033 nominis
448 974 606 1052 sumptibus
620 975 676 1035 tuis
691 976 825 1054 suscipis.
847 973 962 1035 Nullum
977 984 1023 1036 est
1037 977 1114 1035 ebim
1129 993 1235 1054 magno

226 1059 355 1136 principe
383 1056 666 1135 immortalitatemque
692 1061 826 1118 merituro
851 1058 976 1137 inpendii
1000 1075 1094 1134 genus
1119 1058 1234 1137 dignius

225 1158 307 1221 quam
323 1140 398 1219 qnod
413 1149 546 1219 erogatur
560 1143 588 1200 in
599 1151 744 1220 posteros.
764 1140 939 1221 Locupletes
950 1142 984 1202 ad
998 1141 1148 1203 tollendos
1165 1143 1234 1204 libe·

225 1243 273 1286 ros
289 1226 552 1304 ingentiapraemia
568 1233 598 1285 et
611 1241 695 1302 pares
708 1243 820 1303 poenae
835 1225 1029 1294 adhortantem
1056 1226 1270 1305 pauperibuslt

225 1308 363 1370 educandi
378 1327 431 1369 uua
446 1312 519 1369 ratio
534 1319 579 1370 est
593 1308 684 1369 bonus
699 1312 844 1388 princeps.
867 1309 920 1369 llic
938 1309 1038 1370 liducia
1054 1311 1100 1369 sui
1113 1323 1235 1388 procre-

226 1403 288 1454 atos
310 1395 363 1452 nisi
379 1393 457 1470 larga
470 1411 552 1453 manu
567 1393 661 1471 ioret,
688 1402 790 1471 anget,
812 1393 1008 1472 amplectitur,
1029 1411 1172 1454 occasum
1186 1395 1234 1452 iur-

227 1479 316 1557 perii,
333 1493 466 1536 occasum
481 1479 523 1536 rei
539 1476 672 1555 publicae
686 1476 831 1540 adcelerat
843 1476 1004 1555 frustraque
1015 1493 1162 1555 proceres
1174 1478 1233 1558 ple-

227 1561 264 1620 be
278 1558 429 1638 neglecta,
451 1568 481 1619 ut
502 1560 646 1621 deiectum
665 1577 787 1640 corpore
804 1571 888 1640 caput
907 1571 1126 1640 nutaturumque
1149 1565 1233 1623 insta·

227 1643 277 1705 bili
298 1643 442 1723 pondere,
470 1653 573 1705 tuctur.
606 1644 704 1705 Facile
722 1655 767 1706 est
786 1647 949 1706 coniectare
965 1645 1041 1724 quod
1059 1648 1267 1726 perceperitis

227 1728 375 1808 gaudium,
398 1745 462 1788 cum
476 1739 505 1789 te
519 1739 665 1809 pareutum
680 1728 834 1788 liberorum
849 1747 948 1791 senum
963 1730 1109 1790 infantium
1126 1747 1231 1807 puero

226 1831 286 1873 rum
302 1811 408 1873 clamor
421 1815 581 1891 exciperet.
604 1813 682 1874 llaec
697 1814 785 1890 prima
799 1813 979 1892 parvulorum
994 1815 1098 1874 civium
1111 1830 1173 1873 rox
1186 1832 1231 1874 au·

226 1915 274 1957 res
287 1905 349 1957 tuas
362 1898 462 1973 inbuit,
478 1899 579 1976 quibus
591 1907 621 1957 tu
634 1896 748 1956 daturus
762 1896 902 1972 alimenta,
920 1897 975 1958 boc
985 1899 1137 1957 maximum
1151 1915 1231 1975 prae·

226 1980 322 2040 stitisti
341 1997 377 2039 ne
398 1991 541 2056 rogarent.
576 1982 671 2059 Super
690 1983 781 2040 omnia
799 1989 844 2042 est
867 1990 959 2041 tamen
980 1981 1056 2059 quod
1070 1981 1137 2043 tulis
1154 2000 1188 2042 es
1203 1989 1232 2040 ut
1292 1958 1293 2024 l

175 2074 216 2141 27
229 2063 281 2124 sub
296 2071 325 2121 te
342 2061 448 2122 liberos
470 2063 575 2124 tollere
589 2064 676 2124 libeat
691 2065 835 2142 expediat.
876 2063 968 2125 Nemo
982 2067 1035 2124 iam
1052 2082 1158 2142 pareus
1174 2064 1264 2125 tilloit

228 2147 281 2205 nisi
307 2144 467 2223 fragilitatis
492 2147 628 2208 humanae
652 2151 734 2209 riccs
761 2143 875 2225 bonet,
908 2166 964 2208 nec
990 2150 1065 2209 inter
1089 2148 1230 2209 insanabi·
1291 2211 1292 2218 χ

226 2230 270 2291 les
287 2230 402 2291 morbos
418 2230 554 2310 principis
570 2233 610 2292 ira
624 2241 791 2292 numeratur.
825 2230 955 2310 llagnum
970 2231 1083 2311 quidem
1099 2241 1147 2292 est
1163 2231 1229 2291 edu·
1291 2228 1292 2294 l

227 2314 308 2374 caudi
327 2315 533 2375 incitamentum
554 2316 658 2376 tollere
682 2315 790 2377 liberos
810 2319 838 2376 iu
858 2333 939 2395 spem
961 2317 1179 2395 alimentorum,
1203 2317 1229 2374 in

227 2417 308 2478 spem
325 2401 545 2477 congiariorum;
561 2402 649 2460 maius
665 2409 775 2477 umen,
791 2402 819 2460 in
836 2417 918 2478 spem
933 2399 1088 2476 libertatis,
1105 2402 1133 2458 in
1149 2416 1229 2479 spem

227 2485 397 2544 securitatis.
420 2485 515 2561 Atque
530 2483 602 2544 adeo
617 2482 684 2542 nihil
699 2482 834 2562 largiatur
847 2484 999 2561 princeps,
1016 2483 1080 2543 dum
1096 2483 1167 2543 nihil
1185 2493 1263 2546 auid
1290 2507 1291 2567 ι

227 2567 314 2635 ierat;
334 2583 390 2627 non
405 2566 477 2644 alat,
500 2567 565 2626 dum
579 2585 634 2626 non
650 2567 776 2629 occidat:
798 2585 853 2628 nec
869 2567 989 2628 deerunt
1002 2567 1049 2646 qui
1071 2567 1147 2627 lilios
1164 2585 1230 2628 cou-

228 2653 386 2728 cupiscent.
413 2649 517 2711 Contra
532 2651 666 2729 largiatur
678 2659 709 2711 et
723 2652 850 2727 auferat,
864 2649 920 2711 alat
934 2660 963 2711 et
979 2651 1107 2712 occidat:
1128 2670 1168 2713 ne
1182 2650 1230 2710 ills

104 2770 107 2779 ι
227 2736 310 2794 etiam
325 2735 404 2794 brevi
421 2745 550 2813 tempore
566 2735 695 2795 effecerit
710 2742 740 2793 ut
757 2753 856 2796 omues
870 2753 926 2795 uon
949 2744 1131 2814 posterorum
1146 2733 1230 2794 modo
1289 2805 1290 2816 ,

227 2816 278 2876 scd
293 2819 336 2877 sui
348 2827 550 2898 parentumque
563 2821 715 2898 paeniteat.
738 2818 879 2892 Quocirca
890 2818 959 2879 nibil
971 2821 1060 2896 magis
1071 2821 1099 2878 in
1113 2828 1163 2879 tua
1174 2827 1231 2878 tota
1289 2823 1290 2839 l

227 2898 396 2960 liberalitate
411 2900 581 2962 laudaverim
597 2920 678 2981 quarn
694 2902 770 2981 quod
786 2904 960 2980 congiarium
976 2903 1026 2963 das
1042 2902 1078 2963 de
1093 2912 1164 2980 tuo,
1179 2902 1263 2968 ali-so

226 2994 320 3045 menta
334 2983 371 3045 de
385 2994 451 3062 tuo,
467 3003 561 3064 neque
574 3003 591 3046 a
605 2996 634 3046 te
648 2985 731 3047 liberi
743 2989 860 3063 civium,
877 2996 907 3047 ut
918 2986 1039 3046 ferarum
1054 2985 1153 3064 catuli,
1169 3003 1230 3048 sau·

227 3069 312 3147 guina
334 3079 363 3130 et
383 3068 518 3130 caedibus
540 3070 710 3138 nutriuntur:
736 3072 868 3150 quodque
889 3072 1078 3149 gratissimum
1095 3079 1141 3130 est
1157 3073 1230 3131 aeci·

129 3181 131 3185 ·
227 3155 386 3232 picotibus,
407 3155 500 3215 sciunt
515 3154 572 3213 dari
587 3156 642 3215 sibi
658 3156 733 3234 quod
748 3155 851 3216 nemini
867 3163 912 3216 est
929 3164 1077 3232 ereptum,
1100 3153 1229 3232 locuple·

227 3241 350 3318 totisque
361 3249 416 3298 tam
428 3239 521 3299 multis
534 3241 732 3318 pauperiorem
743 3257 811 3299 esse
823 3239 927 3300 lactum
939 3240 1097 3316 principem
1108 3247 1228 3304 tantum

229 3341 445 3402 quemquamne
461 3324 535 3383 bunc
550 3323 671 3402 quidem.
694 3321 764 3383 llam
781 3324 861 3384 cuins
873 3333 918 3384 est
934 3321 1069 3400 quidquid
1081 3332 1127 3382 est
1142 3321 1261 3383 omni-tt

176 3424 294 3492 qgum,
316 3417 421 3467 tautum
442 3408 505 3487 ipse
526 3417 659 3486 quantum
682 3423 780 3467 omues
797 3407 892 3468 babet.
934 3405 999 3466 Atio
1020 3425 1065 3466 me
1078 3415 1166 3466 vocat
1181 3424 1228 3466 nu·

229 3507 341 3550 merosa
356 3490 447 3567 gloria
462 3501 523 3550 tua:
537 3491 594 3551 alio
611 3487 726 3551 autem?
741 3491 821 3567 quasi
837 3507 908 3551 vero
923 3491 977 3548 iarn
992 3491 1060 3550 satis
1074 3499 1228 3552 veneratus

229 3573 401 3650 miratusque
413 3576 465 3633 sim
479 3572 555 3650 quod
567 3584 670 3634 tantam
682 3576 830 3651 pecuniam
842 3573 1004 3653 profudisti,
1016 3591 1072 3634 nou
1085 3583 1117 3636 ut
1131 3573 1227 3652 flagitii
1286 3591 1287 3653 q
