2632 4096
214 279 254 350 58
467 217 471 228 Ι
641 277 674 339 C.
696 277 794 339 uultu

189 440 311 502 ataneat
332 431 453 492 modum.
486 430 575 493 Erunt
592 431 687 492 officia
702 430 883 506 antelucana,
904 432 933 489 in
947 449 1020 508 quae
1034 428 1162 492 insidere
1179 432 1222 490 in·

214 533 291 595 pune
305 534 341 575 ne
356 513 457 576 Catoni
472 517 585 594 quidem
598 515 688 592 linuit,
705 532 790 594 quem
800 524 894 575 tamen
905 511 938 574 (i.
952 513 1059 576 Caesar
1069 517 1109 574 ita
1119 531 1222 592 repre·

188 598 311 670 ahsndit
327 610 357 661 ut
371 599 474 659 laudet.
496 600 642 661 Describit
657 601 731 658 enim
746 615 797 658 eos
813 598 914 676 quihus
931 597 1033 659 obvius
1049 599 1141 658 iuerat
1155 616 1221 657 oum

215 693 300 763 oaput
315 684 385 744 ebrii
399 685 591 761 retexissent,
614 683 778 742 erubuisse:
800 681 903 742 deinde
916 681 1002 742 adioit
1018 688 1146 761 ‘putares
1160 700 1220 743 uon

214 768 250 828 ah
271 767 326 828 illis
348 763 500 845 catonem,
522 767 576 827 sed
594 766 659 825 illos
680 764 819 826 acatone
835 764 1054 842 deprehensos?
1086 764 1244 845 Potuitne5
1305 823 1306 840 p

215 852 279 930 plus
294 852 468 912 auctoritatis
482 851 567 912 tribui
588 848 688 910 Catoni
710 867 792 928 mam
813 851 838 910 si
853 849 949 909 ebrius
967 867 1080 928 quoquo
1095 858 1152 910 tam
1165 868 1218 910 re·
1305 841 1306 900 l

187 935 347 1010 orentius
364 931 445 994 erati
467 932 589 994 Nostrae
612 942 704 993 tamen
725 951 815 994 nenas
835 941 865 992 ut
879 943 1030 1012 apparatus
1046 943 1075 994 et
1091 933 1218 1011 inpendii

214 1021 257 1078 sio
272 1019 410 1096 temporis
431 1018 532 1078 modus
552 1026 674 1078 constet.
706 1016 809 1096 Neque
824 1018 898 1076 enim
911 1019 931 1076 ii
945 1034 1041 1076 sumus
1051 1029 1129 1094 'quos
1144 1019 1217 1076 vitu-

214 1120 316 1181 perare
330 1120 366 1161 ne
382 1103 485 1162 inimioi
502 1103 616 1181 quidem
636 1103 757 1179 possint
766 1102 820 1160 nisi
834 1109 864 1159 ut
880 1101 962 1160 simul
977 1101 1099 1162 laudent.
1132 1100 1216 1161 Vale.

679 1233 755 1296 xirr.
1227 1206 1258 1257 ¹⁰

411 1337 438 1390 G.
457 1337 583 1388 PLINIUS
599 1335 740 1388 VOCONIO
757 1334 892 1386 Romnrto
910 1334 970 1387 SUO
987 1333 1014 1388 S.

190 1450 203 1500 t
276 1437 389 1500 Librum
411 1455 467 1518 quo
488 1456 579 1516 nuper
593 1439 699 1516 optimo
712 1439 835 1516 principi
853 1436 953 1497 oonsul
967 1437 1072 1513 gratias
1091 1437 1139 1513 egi
1154 1437 1217 1495 misi

187 1523 420 1600 nauigantium,
436 1523 591 1600 iussurus,
608 1523 662 1580 etsi
676 1538 732 1580 non
747 1523 908 1598 exegisses.
932 1519 964 1579 ln
978 1520 1034 1580 lroo
1049 1519 1217 1580 consideres

213 1605 299 1667 velim
313 1617 344 1667 ut
358 1604 595 1686 pulchritudinem
616 1607 749 1665 materiae
772 1607 810 1665 ita
825 1603 1026 1664 diifioultatem.
1062 1601 1094 1662 ln
1109 1605 1258 1669 noteris15

146 1705 148 1710 ·
214 1692 288 1752 enim
306 1691 446 1750 lentorem
467 1692 578 1749 novitas
599 1691 662 1766 ipsa
682 1690 819 1749 intentum
839 1688 941 1764 habet,
963 1691 992 1746 iu
1006 1687 1059 1748 hae
1074 1694 1140 1746 nota
1154 1686 1218 1746 vul·
1305 1699 1306 1766 l

212 1785 278 1853 gata
293 1774 368 1836 diota
384 1783 448 1834 sunt
463 1775 570 1841 omnia;
593 1788 650 1850 quo
668 1773 742 1831 litut
761 1774 840 1850 quasi
855 1775 965 1834 otiosus
981 1787 1159 1848 securusque
1174 1769 1219 1830 le·

215 1869 277 1919 otor
293 1867 399 1919 tantum
414 1857 567 1917 elocutioni
583 1864 683 1933 ranst,
705 1858 803 1934 inqua
819 1855 986 1916 satisfacere
1001 1853 1143 1914 diflioilius
1159 1863 1216 1931 est,

186 1949 278 2002 acum
293 1941 354 2001 sola
368 1942 539 2001 aestimatur.
565 1939 661 2018 Atque
675 1941 779 1999 utinam
795 1939 865 2000 ordo
881 1937 982 2000 saltam
996 1947 1026 1998 et
1039 1939 1172 1997 transitus
1187 1947 1218 1997 et

212 2027 319 2103 figurae
334 2023 416 2083 simul
430 2023 640 2102 spectarentur!
660 2022 731 2082 Nam
745 2024 871 2082 invenire
886 2021 1050 2101 praeclaro,
1069 2023 1215 2081 enuntiare
1225 2041 1258 2093 20

193 2170 195 2173 ,
212 2108 361 2186 magnifiee
376 2108 515 2168 interdum
530 2110 614 2167 etiam
629 2107 738 2166 barbari
754 2105 864 2184 solent,
881 2106 1034 2183 disponere
1049 2113 1127 2182 apte,
1144 2107 1216 2182 ligu-
1253 2159 1257 2166 .

187 2199 276 2253 trare
291 2194 369 2251 varie
382 2193 435 2250 nisi
452 2190 568 2251 eruditis
582 2201 716 2268 negatum
731 2199 785 2250 est.
808 2188 871 2251 Neo
885 2206 955 2262 uero
971 2187 1140 2249 adieotanda
1151 2199 1217 2249 sunt
1305 2227 1306 2234 κ

213 2293 330 2354 semper
343 2275 416 2335 elata
432 2285 462 2336 et
477 2275 604 2334 excelsa.
625 2273 696 2334 Nam
710 2283 740 2334 ut
755 2276 784 2333 in
797 2275 906 2353 pictura
920 2273 1014 2332 lumen
1028 2289 1085 2332 non
1098 2271 1152 2332 alia
1165 2290 1216 2331 ros
1305 2297 1306 2336 z

211 2362 301 2437 magis
316 2377 398 2438 quam
412 2359 510 2418 umbra
526 2357 718 2436 commendat,
740 2361 777 2417 ita
799 2359 955 2418 orationem
968 2366 1024 2416 tam
1040 2359 1216 2417 summittere
1305 2351 1306 2420 ἶ

186 2451 294 2523 dquam
308 2442 439 2504 attollere
455 2442 548 2503 deest.
572 2443 631 2502 Sed
645 2441 711 2521 quid
723 2459 779 2520 eqo
789 2442 862 2502 hasa
874 2441 1038 2502 deotissime
1050 2437 1132 2499 virol
1148 2441 1256 2518 quinas

213 2529 308 2606 potius
329 2527 417 2604 illud,
437 2526 540 2588 adnota
554 2545 626 2606 quae
641 2527 784 2606 putaveris
801 2524 979 2602 corrigenda.
1011 2523 1052 2584 lta
1067 2525 1142 2584 enim
1157 2540 1216 2583 ma-

211 2613 256 2690 gis
272 2611 385 2672 credam
402 2621 498 2672 oetera
513 2612 563 2671 tibi
578 2610 704 2688 plaeere,
720 2611 744 2668 si
761 2608 897 2687 quaedam
913 2607 1093 2686 displicuisse
1107 2623 1216 2685 eogno-
1305 2629 1306 2638 ¹

210 2711 291 2755 vero.
321 2693 402 2755 Vale.

500 2923 529 2976 0.
546 2825 800 2978 PLINIUSXIAELIO
818 2925 877 2981 SUO
893 2924 920 2976 S.

186 3041 203 3092 1
273 3028 345 3088 Rem
359 3036 485 3089 amooem
499 3047 554 3090 neo
569 3038 675 3090 tantum
691 3029 813 3108 epistula
827 3028 939 3106 dignam
953 3027 1070 3105 largius
1081 3025 1216 3104 llaoedo,

212 3116 256 3174 vir
275 3113 453 3193 praetorius,
472 3131 489 3173 a
503 3116 594 3174 servis
609 3116 668 3174 suis
682 3131 786 3192 passus
802 3123 865 3190 est,
882 3111 1024 3190 superbus
1044 3110 1150 3190 alioqui
1164 3108 1216 3170 do-

212 3199 302 3258 minus
318 3206 348 3257 et
361 3215 465 3258 saevus
481 3206 510 3258 et
526 3199 573 3276 qui
588 3200 715 3258 servisse
729 3207 839 3276 patrem
854 3214 934 3255 suum
950 3212 1059 3274 parum,
1074 3196 1158 3254 immo
1173 3195 1216 3253 ni·

186 3284 297 3341 amium
317 3282 500 3342 meminisset.
532 3279 687 3342 Lavabatur
705 3280 814 3341 invilla
832 3278 994 3340 Formiana:
1013 3288 1134 3358 repente
1150 3285 1258 3339 sumita

212 3367 289 3426 servi
314 3368 534 3426 oiroumsistunt:
561 3364 632 3424 alius
652 3364 751 3423 lauces
772 3362 892 3440 invadit,
921 3363 993 3423 alius
1013 3378 1047 3422 os
1068 3362 1214 3440 verberat,

212 3448 283 3510 alius
298 3458 402 3527 pectus
418 3457 447 3508 et
461 3459 591 3508 ventrem
604 3457 691 3525 atquo
713 3449 813 3523 etiam,
837 3445 953 3506 foedum
973 3446 1067 3522 dictu,
1087 3443 1216 3505 verenda

213 3529 372 3599 oontundit3
395 3539 425 3591 et
438 3548 501 3591 oum
516 3532 672 3590 exanimem
685 3539 833 3610 putarent,
854 3531 978 3590 abiciunt
991 3531 1020 3588 in
1033 3529 1150 3590 lervens
1164 3547 1216 3608 pa·
