2616 4096
202 285 265 352 154
625 284 658 347 (l.
681 283 778 347 PLINI

202 437 319 500 saeculo
337 448 382 500 cst
395 437 564 517 gratulatus,
580 439 625 497 cui
635 436 797 516 exemplum
807 436 867 516 (sio
879 437 954 496 eninr
966 436 1099 514 scripsit)
1110 435 1203 496 sinile

160 532 194 584 ιο
203 524 324 601 antiquis
342 523 520 599 contigisset.
548 518 995 598 Haeo,utcunrquesel1ubent‚
1019 521 1130 580 notiora
1145 519 1203 580 cla·
1269 521 1274 529 “

201 608 276 666 riora
297 607 401 666 maiora
413 614 444 665 tu
461 604 565 664 iacies:
588 620 754 682 quamquam
768 618 825 662 non
835 604 922 680 exigo
937 613 968 664 ut
982 602 1107 664 excedas
1119 612 1202 663 actae

201 690 243 749 rei
263 687 386 749 modurn.
416 686 487 747 Nam
507 705 563 747 nee
582 686 698 748 bistoria
718 686 805 747 debet
821 685 922 763 egredi
938 689 1088 748 veriutmn
1102 695 1133 746 et
1151 686 1202 745 bo·

201 781 284 832 neste
298 771 381 832 laetis
395 772 501 831 veritas
516 769 629 832 suflicit.
662 768 745 830 Vale.
1211 776 1225 826 5

593 919 804 932 ——-·

367 1049 369 1056 ‘
416 1063 455 1147 o.
484 1061 597 1144 nunt
627 1059 787 1142 ornorn
817 1058 992 1144 suenni

316 1227 1084 1346 EPISTULARUM
1212 1199 1246 1251 ¹⁰

548 1420 646 1476 niusa
668 1417 839 1476 ocnsvus.
998 1495 1001 1503 ,

684 1563 708 1627 1,
931 1602 936 1612 .

476 1665 503 1715 G.
522 1665 647 1715 PLINIUS
666 1661 809 1715 SEPTIGIO
827 1662 886 1714 SUO
903 1662 929 1714 S.

177 1789 192 1838 1
263 1765 322 1827 lter
338 1766 486 1827 commodo
503 1765 641 1846 explicui,
659 1775 784 1844 excepto
800 1764 999 1843 quodquidam
1014 1783 1051 1826 ex
1066 1769 1139 1828 meis
1153 1767 1203 1828 ad·

176 1867 314 1922 prensam
328 1849 508 1911 valitudinem
521 1850 739 1911 ferventissimis
755 1849 882 1910 aestibus
906 1856 1112 1910 conruerunt.
1144 1849 1204 1911 En·

203 1932 314 2011 colpius
330 1932 442 2011 quidem
455 1932 565 2010 lector,
580 1931 629 1993 illo
646 1932 720 1993 serio
735 1941 847 2009 nostra,
864 1929 913 1991 illc
928 1929 1064 2009 deliciae,
1079 1950 1203 2013 exospe

198 2017 267 2076 ratis
283 2015 411 2076 lancibus
422 2015 544 2095 puluere
554 2017 718 2094 sangrdnenr
731 2017 841 2076 reiecit.
864 2013 954 2088 Quam
967 2015 1048 2076 triste
1061 2015 1118 2076 boc
1132 2018 1201 2095 ipsi,
1210 2038 1244 2090 ω

200 2116 282 2176 quarn
296 2099 432 2158 acerbum
446 2098 529 2177 mibi,
553 2101 615 2162 siis
631 2100 676 2160 cui
692 2101 782 2159 omnis
800 2117 838 2158 ex
851 2098 952 2159 studiis
967 2101 1057 2176 gratia
1069 2098 1202 2163 inbabtbs

200 2180 300 2242 studiis
319 2181 420 2242 luerit!
443 2181 514 2256 Quis
534 2182 635 2244 deinde
656 2181 771 2243 libellos
791 2199 871 2242 meos
894 2183 937 2244 sic
952 2179 1048 2259 leget,
1069 2185 1113 2244 sio
1127 2201 1203 2245 anna·

171 2261 261 2329 obit?
278 2282 364 2344 quenl
376 2283 460 2327 aurea
474 2285 555 2327 meae
569 2268 611 2327 sic
625 2262 803 2344 sopientur?
824 2265 883 2326 Sed
901 2265 938 2324 dii
952 2263 1071 2326 laetiora
1084 2270 1202 2346 proruit·

199 2357 270 2410 tunt.
303 2348 387 2412 Stetit
405 2351 536 2428 sanguis,
551 2348 658 2410 resedit
669 2348 762 2408 dolor.
793 2347 945 2409 Praeterea
959 2351 1107 2412 continens
1121 2353 1200 2431 ipse,

198 2448 252 2493 nos
267 2432 394 2512 solliciti,
407 2433 509 2494 uredioi
525 2432 687 2511 diligentes.
707 2430 753 2492 Ad
766 2432 823 2492 boo
835 2431 984 2492 salubritas
999 2433 1083 2511 caeli,
1098 2451 1243 2504 seces-ao

199 2535 261 2595 sus,
277 2518 359 2596 quies
373 2525 478 2578 tantuna
495 2517 593 2578 solutis
608 2524 740 2595 quantuor
754 2517 804 2575 otii
818 2513 1000 2594 pollicentur.
1020 2513 1102 2578 Vale.

1212 1627 1244 1678 15

677 2647 715 2709 11.

471 2749 498 2801 c.
516 2746 640 2800 nunnius
658 2747 806 2800 cnnws1o
824 2747 885 2801 sno
900 2747 927 2804 s,

173 2860 189 2912 l
260 2848 318 2908 Alii
330 2850 358 2908 in
372 2847 489 2927 praedia
503 2866 554 2909 sna
573 2850 809 2928 proficiscuntur,
829 2860 861 2911 ut
880 2848 1087 2930 locupletiores
1100 2862 1243 2916 rever-bo

202 2940 304 3007 tantur,
320 2947 389 3008 ego,
406 2940 437 2992 ut
450 2933 611 3011 pauperior.
638 2932 827 2996 Vendideram
837 2933 992 2995 vindemias
1007 2935 1136 2994 certatinr
1149 2952 1201 2994 ne-

199 3014 385 3093 gotiatoribus
406 3015 579 3076 ementibus.
609 3016 747 3079 Invitabat
767 3019 906 3097 pretium,
932 3027 963 3078 et
984 3016 1060 3095 quod
1082 3026 1150 3078 tunc
1170 3027 1202 3078 et

171 3099 276 3179 bquod
294 3098 356 3159 iore
373 3097 531 3160 uidebatur.
563 3100 638 3179 Spes
657 3099 770 3162 ioiedit.
804 3099 873 3162 llrat
890 3100 1055 3180 expeditum
1070 3101 1201 3163 omnibus

197 3183 343 3244 remittere
357 3181 529 3261 aequiter,
553 3184 606 3245 sed
619 3202 675 3245 non
686 3186 754 3246 satis
764 3202 894 3263 aequum.
923 3182 992 3244 llibi
1008 3192 1102 3254 autent
1115 3201 1202 3262 egre·

198 3268 277 3343 ginno
291 3267 431 3344 inprimis
444 3266 572 3345 videtur,
593 3276 623 3327 ut
642 3267 714 3328 ioris
730 3270 768 3327 ita
789 3267 881 3344 donni,
901 3275 932 3327 nt
952 3269 981 3326 in
994 3269 1103 3344 magnis
1116 3268 1156 3328 ito
1171 3269 1244 3337 iuss

200 3351 313 3427 paruis,
335 3359 364 3410 ut
378 3351 406 3409 in
420 3349 521 3412 alionis
534 3353 573 3410 ita
588 3352 616 3410 in
630 3352 705 3425 onis,
728 3351 837 3428 agitare
851 3351 993 3412 iustitiam.
1021 3349 1092 3410 Nanr
1107 3352 1132 3411 si
1150 3368 1201 3430 pa·

171 3433 240 3495 orta
253 3443 392 3510 peccota,
419 3450 503 3510 pares
519 3436 603 3495 etiarn
616 3432 724 3494 laudes.
756 3433 856 3514 ltaque
872 3435 1001 3495 omnibus
1015 3433 1147 3512 quidem,
1162 3451 1202 3494 ue

199 3515 263 3589 quis
279 3514 348 3574 milri
363 3531 419 3574 noo
433 3513 550 3576 donatus
565 3517 674 3593 abiret,
691 3525 800 3595 partem
816 3527 944 3579 octauam
957 3519 1043 3596 pretii
1062 3534 1120 3597 quo
1135 3517 1201 3597 quis
