2632 4102
406 294 668 357 EPISTULARUM
681 296 718 358 ΙΙ.
739 309 780 362 ΙΙ.
1051 296 1087 367 31

92 451 237 512 crimarnm
250 449 451 529 peritissimus,
468 450 589 528 quodam
604 448 683 510 velut
694 460 782 512 vento
796 450 985 512 miserationis
1001 452 1092 533 inple·

89 537 137 595 vit.
157 533 259 613 llagua
272 534 429 611 contentio,
443 535 537 611 magni
551 535 692 612 utrimque
707 533 859 611 clamores,
873 533 936 594 aliis
953 540 1118 613 cognitio-4

11 637 13 642 ’
89 637 152 679 nem
166 627 283 680 senatus
303 617 371 696 lege
391 617 555 679 conclusam
570 617 631 678 aliis
646 617 764 679 liberam
779 617 956 697 solutamque
973 619 1081 684 dicenti

89 703 153 781 bus,
171 711 363 782 quantumquo
378 701 539 763 admisisset
552 719 620 762 reus
634 711 741 762 tautum
754 701 960 782 vindicandum.
987 701 1116 768 Novis-5

66 789 156 848 tsine
178 785 281 847 consul
301 786 465 862 designatus
487 784 576 845 lulius
595 785 708 864 Ferox,
734 787 779 846 vir
797 794 896 846 rectus
915 796 945 847 et
961 797 1089 866 sanctus,

86 870 175 931 llario
190 870 306 948 quidem
327 869 436 930 iudices
452 871 563 930 iuterim
584 871 696 932 censuit
716 869 841 947 dandos,
863 871 1028 933 evocandos
1042 891 1091 934 au·

86 965 143 1015 tem
155 955 260 1034 quibus
272 953 417 1014 dicoretur
426 955 618 1015 innocentium
628 971 736 1033 poenas
746 954 922 1016 vendidisse.
933 953 1014 1028 Quae
1025 964 1115 1019 seu-6

86 1041 172 1098 tentia
183 1056 242 1098 uon
258 1036 417 1117 praevaluit
432 1036 534 1114 modo,
552 1036 606 1118 sed
620 1039 732 1099 omnino
746 1048 813 1117 post
828 1048 919 1100 tantas
934 1040 1090 1102 dissensio·

85 1140 136 1182 nes
152 1122 206 1182 fuit
219 1120 283 1182 sola
296 1121 449 1200 frequens,
468 1121 685 1201 adnotatumque
701 1124 903 1200 experimentis
918 1125 995 1202 quod
1009 1125 1090 1186 lavor

51 1216 114 1268 toet
133 1205 331 1267 misericordia
350 1223 433 1266 acres
454 1215 483 1266 et
499 1203 685 1266 vehementes
702 1207 809 1285 primos
830 1207 953 1285 impetus
972 1207 1088 1287 habent,

84 1289 219 1369 paulatim
237 1288 358 1352 consilio
378 1298 407 1349 et
423 1291 532 1352 ratione
554 1291 635 1368 quasi
654 1291 791 1349 restincta
813 1288 971 1351 considunt.
1007 1292 1114 1354 Undat

85 1376 180 1435 evenit
200 1383 234 1434 ut
253 1371 330 1452 quod
350 1372 430 1432 multi
445 1373 569 1434 clamore
583 1375 725 1453 permixto
741 1382 856 1434 tuentur
868 1391 953 1433 nemo
970 1380 1088 1436 tacenti·

85 1458 136 1520 bus
153 1459 263 1518 ceteris
278 1457 375 1517 dicere
386 1456 472 1517 velit:
488 1459 611 1537 patescit
626 1459 712 1536 enim,
729 1475 793 1518 cum
808 1459 949 1537 separaris
964 1476 980 1518 a
993 1461 1086 1537 turba,

86 1541 289 1621 contemplatio
305 1557 399 1601 rerum
412 1558 485 1620 quae
499 1541 580 1602 turba
593 1549 736 1618 teguntur.
762 1540 909 1602 Venerunt
923 1543 971 1621 qui
985 1542 1114 1606 adesses

50 1636 163 1691 tseraut
180 1627 270 1702 iussi,
285 1623 419 1686 Vitellius
433 1623 593 1687 Honoratus
608 1634 638 1685 et
653 1623 767 1687 Flavius
782 1624 954 1686 Marcianus·
974 1645 1011 1686 es
1027 1631 1087 1692 qui·

86 1710 137 1772 bus
149 1709 311 1772 Honoratus
323 1711 461 1770 trecentis
473 1709 584 1771 milibus
597 1708 711 1770 anilium
720 1708 949 1788 equitisllomani
962 1721 1087 1790 septem·

87 1812 141 1872 quo
161 1795 319 1854 amicorum
336 1795 398 1854 eius
416 1792 541 1854 ultimam
561 1810 693 1873 poenam,
710 1792 870 1854 Marcianus
884 1794 967 1854 unius
981 1797 1086 1874 equitis

85 1877 202 1937 Romani
218 1879 409 1956 septingentis
429 1876 543 1938 milibus
562 1875 644 1957 plura
661 1876 802 1958 supplicia
815 1877 988 1953 arguebatur
1001 1881 1087 1940 emis-

86 1979 133 2022 se:
148 1971 209 2022 erat
225 1963 299 2020 enim
313 1961 435 2022 fustibus
451 1979 569 2038 cassus,
585 1961 729 2022 damnmus
742 1962 770 2020 in
784 1959 939 2039 metallum,
956 1970 1084 2042 strangu·

49 2044 157 2107 solatus
172 2047 201 2106 in
218 2062 345 2105 carcere.
378 2044 437 2105 Sed
453 2043 626 2106 Honoratum
642 2047 796 2123 cognitioni
812 2053 927 2106 sanatus
942 2064 1018 2108 mors
1035 2054 1111 2127 op·9

86 2138 204 2208 portuno
216 2129 371 2207 subtraxit,
388 2127 547 2190 blarcianus
561 2128 691 2190 inductus
709 2139 753 2191 est
768 2129 887 2190 absente
903 2128 1011 2190 Prisco.
1031 2131 1085 2193 lta·

87 2231 140 2291 que
160 2213 286 2273 Tuccius
307 2211 426 2273 Cerialis
449 2212 606 2274 consularis
627 2215 688 2274 iure
709 2215 853 2274 senatorio
877 2214 1032 2293 postulavit
1055 2227 1086 2277 ut

86 2295 197 2358 Priscus
210 2298 317 2356 certior
331 2299 424 2374 lieret,
440 2299 502 2357 sive
518 2299 583 2376 quia
598 2297 843 2375 miserabiliorem,
859 2299 921 2359 sivo
936 2300 1002 2377 quia
1015 2301 1085 2359 invi-

87 2379 238 2442 diosiorem
252 2381 315 2440 iore
327 2380 522 2456 arbitrabatur,
535 2383 560 2440 si
571 2399 709 2461 praesens
720 2381 833 2460 fuisset,
851 2383 924 2460 sivo,
941 2383 1018 2461 quod
1028 2401 1085 2442 ma·

50 2465 156 2527 tarium
172 2464 278 2542 credo,
299 2466 364 2543 quia
378 2466 578 2542 aequissimum
596 2474 658 2526 erat
673 2483 820 2526 commune
838 2467 945 2526 crimen
958 2466 994 2526 ab
1007 2476 1084 2527 ntro·

88 2565 141 2625 que
154 2547 282 2626 defendi,
297 2549 366 2609 etsi
381 2547 448 2608 dilui
462 2566 519 2610 non
529 2550 681 2628 potuisset,
696 2551 725 2608 in
736 2559 857 2628 utroque
867 2550 968 2628 puniri.
991 2548 1084 2611 Dilata
1094 2561 1128 2614 lo

86 2648 131 2691 res
147 2643 193 2694 est
208 2634 237 2692 in
250 2633 409 2712 proximum
423 2643 567 2710 senatum,
584 2635 664 2693 cuius
675 2635 739 2712 ipse
755 2641 930 2711 conspectus
943 2635 1085 2712 augustis·
1159 2627 1180 2666 ⁸

87 2716 169 2777 simus
183 2717 247 2776 fuit.
268 2716 405 2796 Princeps
419 2716 614 2796 praesidebat;
629 2727 691 2778 erat
705 2718 779 2778 enim
789 2715 906 2778 consul:
920 2716 956 2777 ad
971 2718 1028 2779 boc
1042 2718 1085 2780 la·

88 2803 195 2862 ruamus
212 2802 319 2862 mansis
342 2819 406 2861 cum
420 2811 517 2862 cetera
531 2811 589 2862 tum
604 2803 760 2880 praecipue
774 2811 936 2862 senatorum
950 2802 1085 2883 frequen-

53 2882 123 2942 totia
134 2884 352 2946 celeberrimus:
363 2895 513 2965 praeterea
525 2903 627 2946 causae
636 2885 789 2966 amplitudo
800 2895 940 2966 auctaque
951 2887 1085 2950 dilatione

91 2970 248 3046 expectatio
262 2978 292 3030 et
302 2970 374 3030 lama
384 2971 554 3048 insitumque
563 2968 728 3032 mortalibus
741 2970 862 3032 studium
871 2981 1011 3050 magnast
1024 2974 1085 3032 inu-

91 3051 164 3112 sitata
182 3054 321 3116 noscendi
342 3071 441 3118 omnes
455 3052 579 3134 undique
595 3055 749 3116 exciverat.
771 3054 927 3133 Imaginare
943 3074 1015 3134 quae
1026 3055 1125 3119 sol-11

91 3131 200 3197 licitudo
214 3138 315 3216 uobis,
336 3141 385 3216 qui
398 3148 508 3218 metus,
531 3139 633 3218 quibus
650 3157 737 3219 super
750 3149 825 3200 tanta
840 3158 874 3200 re
888 3141 917 3198 iu
931 3139 982 3199 illo
998 3149 1083 3200 coetu

92 3230 236 3294 praesento
251 3220 376 3285 (lassare
390 3223 540 3284 dicendum
551 3232 619 3284 erat.
648 3222 789 3303 Equidem
805 3226 833 3283 in
848 3233 948 3285 senatu
961 3240 1018 3282 non
1035 3241 1083 3283 se·
1151 3267 1153 3272 -

57 3302 142 3361 ttmel
157 3307 220 3384 egi,
235 3308 303 3385 quin
319 3308 404 3367 immo
422 3325 558 3386 nusquam
572 3307 661 3368 audiri
675 3308 825 3385 benignius
839 3306 939 3382 soleo,
954 3316 1022 3367 tunc
1036 3323 1083 3366 me

92 3391 177 3448 tamen
192 3400 222 3450 ut
237 3407 311 3452 nova
331 3392 423 3452 omnia
437 3409 512 3452 novo
528 3400 605 3452 metu
625 3392 841 3472 permovebant.
872 3389 1084 3450 Obversabatur
1092 3399 1125 3452 ιι

93 3473 257 3544 praetorilla
269 3493 341 3554 quae
353 3476 506 3556 supradixi
518 3493 621 3537 causae
633 3475 798 3537 difficultas:
815 3475 908 3536 stabat
918 3472 1002 3534 modo
1014 3491 1083 3534 con·

95 3551 203 3636 aduris,
225 3559 310 3621 modo
329 3561 486 3640 septemvir
499 3559 670 3640 epulonum,
691 3561 746 3620 iam
761 3569 900 3620 neutrum.
927 3556 996 3621 lbrat
1010 3575 1081 3636 argo
1092 3563 1125 3618 13
