2632 4096
199 304 241 369 52
625 299 658 363 G.
681 301 779 364 Plthl

199 458 273 518 enim
286 475 353 518 esse
364 473 527 534 congruens
539 455 677 533 arbitror,
694 471 780 534 quem
795 472 902 532 sugere
919 453 1074 516 bonoribus
1092 457 1205 534 cupias,

198 543 264 602 buic
281 542 395 619 pietatis
413 539 503 601 titulis
518 539 662 617 invidere,
683 541 731 618 qui
749 547 814 600 sunt
833 537 962 598 omnibus
975 537 1205 616 bonoribuspul-

173 626 337 691 debriores.
370 623 461 686 Video
475 625 576 701 edan,
598 641 661 683 cunr
678 626 715 684 sit
733 624 881 700 egregium
898 631 927 682 et
944 625 1047 682 mereri
1065 623 1206 684 beneficia
1305 649 1306 706 p

200 719 229 770 et
246 709 331 786 dura,
349 717 495 786 utramque
512 717 542 768 tc
559 706 671 766 laudem
689 706 771 766 sunni
782 705 999 784 adsecuturum,
1018 709 1042 767 si
1053 705 1130 785 quod
1140 708 1206 785 ipse
1305 757 1306 760 ,

198 795 325 854 meruisti
342 791 388 852 alii
405 791 523 852 tribuas.
555 787 708 850 Praeterea
724 788 864 867 intellego
881 790 948 872 mibi
968 807 1083 868 quoque
1094 789 1235 868 gloriae5

199 878 280 955 lore,
300 878 325 936 si
344 893 382 934 ex
399 874 456 935 hoc
472 882 522 934 tuo
540 873 617 934 iacto
633 891 690 934 uon
701 873 787 934 luerit
798 875 926 951 ignotum
937 876 1044 934 amicos
1055 891 1137 933 meos
1148 891 1206 934 uon
1305 951 1306 958 ἵ

173 973 304 1039 agerere
320 968 428 1019 tantum
445 958 602 1018 tribunatus
616 975 706 1036 posse
721 975 820 1017 rerum
840 960 923 1018 etium
935 956 1011 1018 dare.
1040 956 1135 1031 Quane
1148 975 1207 1035 cqc
1305 965 1306 1044 l

199 1061 269 1104 vero
280 1043 498 1103 honestissimae
510 1041 646 1102 voluntati
657 1052 723 1102 tuac
735 1059 835 1120 parco.
851 1039 955 1121 Neque
966 1042 1038 1101 enim
1051 1041 1142 1101 adbuc
1153 1058 1206 1100 no·
1305 1109 1306 1112 Ἴ

200 1145 263 1187 men
275 1129 303 1186 iu
313 1143 447 1186 numeros
458 1124 576 1186 relatum
589 1134 649 1203 est,
668 1126 793 1205 ideoque
809 1125 931 1186 liberum
947 1133 991 1186 est
1009 1125 1093 1186 nobis
1113 1123 1207 1184 Silva·
1305 1123 1306 1140 ³

199 1229 265 1271 num
276 1213 304 1270 in
319 1209 414 1271 locum
425 1218 502 1269 tuum
514 1209 651 1278 subdere;
675 1212 721 1270 cui
740 1211 826 1288 capio
836 1219 891 1269 tam
904 1217 1014 1287 gratum
1025 1227 1092 1269 essc
1103 1225 1206 1268 munus
1217 1221 1251 1273 10
1305 1234 1306 1249 ¹

200 1305 278 1356 tuum
293 1312 375 1373 quam
384 1294 436 1353 tibi
446 1311 540 1353 meum
552 1303 605 1353 est.
624 1293 706 1353 Vale.

658 1425 750 1487 vllll.

368 1525 396 1580 c.
415 1524 540 1576 rutulus
557 1524 717 1576 ccuuuuuo
733 1525 903 1578 mmrcmuo
923 1524 982 1577 suo
1002 1525 1029 1579 S.

177 1647 191 1698 l
260 1627 379 1689 Possum
395 1629 451 1688 iarn
468 1628 650 1705 perscribere
661 1627 713 1688 tibi
726 1637 859 1705 quantum
870 1631 899 1688 in
910 1627 1026 1708 publica
1038 1629 1206 1708 prouinciae
1218 1645 1251 1696 15

174 1711 433 1779 consumemus
448 1711 555 1773 laboris
568 1711 754 1772 exhauserim.
775 1711 847 1772 Nam
858 1712 910 1772 luit
923 1711 1074 1792 multiplex
1084 1723 1206 1792 actaque

96 1849 103 1856 .
201 1806 246 1858 est
263 1799 378 1876 saepius
396 1814 460 1857 cum
476 1812 577 1873 magna
594 1797 739 1855 varietate.
762 1795 844 1856 Unde
854 1794 998 1857 varietas?
1016 1797 1091 1857 unde
1105 1795 1207 1875 plures

200 1877 349 1942 actiones?
368 1879 510 1940 Caecilius
528 1877 691 1956 Classicus,
713 1879 798 1939 borno
817 1879 921 1940 foedus
938 1889 968 1942 et
984 1889 1084 1960 aperte
1102 1879 1205 1958 malus,

200 1962 431 2042 proconsulatum
446 1965 475 2022 in
492 1979 526 2021 ea
542 1979 599 2022 non
615 1965 705 2022 minus
722 1962 863 2023 violenter
880 1981 962 2042 quom
977 1962 1092 2026 sordide
1103 1983 1206 2042 gesse·

175 2055 243 2115 erat
255 2045 357 2107 codem
374 2064 446 2106 anno
463 2063 520 2124 quo
540 2047 568 2105 in
584 2043 680 2106 Africa
693 2044 798 2108 llarius
814 2047 937 2108 Priscus.
959 2047 1027 2109 linat
1039 2057 1132 2109 autem
1146 2047 1207 2108 l'ri·
1216 2057 1251 2109 πο

201 2149 269 2190 scus
285 2147 321 2189 ex
334 2128 466 2207 Baetica,
480 2147 516 2189 cx
526 2129 624 2191 Africa
634 2127 791 2191 Classicus.
815 2130 886 2192 lndc
898 2131 1003 2192 dictum
1012 2132 1205 2210 Raeticarum,

200 2222 230 2273 ut
248 2213 416 2292 plerumque
434 2213 518 2273 dolor
534 2216 618 2274 ctiam
636 2225 774 2276 venustos
790 2215 875 2294 lacit,
896 2232 953 2275 non
963 2215 1118 2295 inlepidum
1129 2216 1206 2276 iere·
1306 2213 1307 2252 l

175 2297 283 2366 ebatur
299 2296 377 2358 ‘dedi
395 2297 498 2358 malum
515 2306 545 2357 et
560 2301 686 2376 accept’-
712 2298 770 2358 Sed
784 2297 901 2359 biurium
913 2318 966 2360 una
978 2301 1076 2361 civitas
1088 2299 1206 2378 publice

200 2382 337 2463 multique
355 2383 454 2460 privati
468 2399 548 2442 rcum
564 2391 755 2461 peregerunt,
773 2385 800 2442 iu
819 2381 976 2444 Classicum
987 2393 1047 2445 totu
1058 2385 1207 2462 provincia

175 2467 335 2532 5incubait.
364 2464 417 2525 llle
434 2467 645 2527 accusationem
663 2465 712 2526 rel
728 2467 843 2527 lortuitn
862 2467 911 2527 vel
934 2467 1090 2528 voluntaria
1112 2475 1250 2529 monteio

200 2547 811 2695 tttttt‘tlttll‘tttssttlltlt
825 2551 1207 2698 tlltdltltl‘ttt

201 2726 317 2795 posset,
340 2716 379 2776 ita
398 2719 496 2776 mirum
519 2715 657 2795 pudorem
680 2716 864 2779 damnationis
879 2682 970 2781 mone
991 2720 1102 2798 fugisse
1120 2737 1207 2799 quern

176 2814 259 2868 onon
279 2799 428 2880 puduisset
450 2799 601 2860 damnanda
628 2803 814 2862 committere.
858 2802 953 2864 Nihilo
978 2807 1068 2864 minus
1089 2803 1207 2865 baetica

203 2884 286 2942 etiam
297 2885 326 2942 in
344 2881 469 2943 defuncti
480 2885 663 2944 accusatione
674 2887 827 2964 perstabat.
850 2887 998 2948 Provisum
1009 2889 1065 2949 boc
1075 2889 1251 2967 legionum

202 2968 389 3027 intermissum
406 2976 499 3027 tamen
516 2976 545 3027 et
561 2969 629 3045 p'ost
646 2968 759 3048 longam
776 2971 1017 3051 intercapedinem
1036 2981 1103 3033 tunc
1120 2972 1204 3032 redu-

203 3059 286 3111 ctum.
309 3047 484 3111 Addiderunt
494 3049 604 3113 Baetici
617 3053 692 3131 quod
704 3054 786 3116 simul
798 3057 896 3116 socios
908 3057 1108 3136 ministrosque
1123 3054 1204 3117 (ilas-

202 3136 255 3195 sici
279 3132 441 3195 detulerunt
461 3138 679 3216 nominatimque
697 3141 725 3198 in
743 3155 795 3200 eos
811 3140 1023 3219 inquisitionem
1039 3139 1205 3220 postulave-

79 3271 83 3278 .
177 3225 275 3281 irunt.
297 3217 421 3279 Aderam
431 3217 556 3281 baeticis
566 3239 734 3301 mecumque
744 3221 885 3284 Lucceius
897 3221 1034 3300 Albinus,
1055 3226 1100 3284 vir
1115 3225 1143 3285 in
1162 3224 1204 3286 di·

132 3351 141 3366 .
203 3301 295 3363 condo
308 3304 444 3380 copiosus
461 3313 590 3373 umatum
610 3323 694 3384 quem
708 3324 765 3383 ego
778 3323 842 3367 cum
853 3306 921 3368 olim
933 3317 1033 3369 mutuo
1041 3308 1202 3388 diligerem,
1213 3317 1249 3374 35

174 3393 240 3448 Sex
256 3386 310 3447 bac
327 3386 415 3448 ollloli
431 3389 571 3449 societate
584 3407 676 3450 amare
693 3389 836 3452 ardemius
854 3392 949 3471 coepi.
979 3390 1071 3454 llabet
1089 3391 1204 3472 quidem

201 3469 307 3546 gloria,
320 3471 349 3530 in
360 3470 459 3532 studiis
470 3474 655 3550 praesertim,
667 3472 797 3552 quiddam
808 3465 1055 3555 ἀκοινώνητον,
1067 3477 1151 3538 nobis
1162 3487 1205 3538 tu·

203 3569 266 3612 man
281 3551 388 3612 nullum
400 3561 560 3633 certamen,
578 3555 655 3615 nulla
673 3559 835 3637 contentio,
854 3576 919 3621 cum
930 3568 1052 3640 uterquc
1062 3563 1123 3639 pari
1134 3563 1203 3639 iugo
