2616 4096
306 299 566 362 EPISTULARUM
578 300 822 365 vl11.15.1o.1r.
1009 301 1070 366 167

83 455 121 514 oia
134 462 237 514 tamen:
261 471 344 513 nuum
355 453 476 514 facilitas
493 452 720 520 manumittendi;
738 452 839 513 videor
853 455 927 512 enim
939 471 995 514 non
1010 470 1070 514 om·

81 539 139 596 nino
154 538 304 597 inmaturus
323 536 481 613 perdidisse
503 553 575 615 quos
593 537 645 596 ianr
666 533 774 595 liberos
788 535 912 614 perdidi;
938 537 1067 615 alterum,

83 619 150 697 quod
160 621 289 699 permitto
306 621 398 682 servis
413 637 527 699 quoque
543 621 622 697 quasi
639 628 805 680 testamenta
821 618 917 680 lacere
933 637 1025 698 eaque
1039 627 1069 680 ut

82 702 195 780 legitima
217 703 357 765 custodio.
394 702 524 763 Mandant
543 711 702 780 rogantque
718 702 794 779 qnod
810 704 918 770 visum;
934 720 1023 781 pareo
1037 712 1094 772 uto

61 787 175 849 tiussns.
205 785 355 862 Dividunt,
375 786 495 863 donant,
510 785 687 865 relinquunt,
704 783 844 846 dumtaxat
858 787 931 848 intra
945 786 1067 846 domum.

80 867 142 928 liam
162 872 252 930 servis
271 869 450 947 respublica
470 869 606 948 quaedam
629 877 659 928 et
681 869 762 945 quasi
785 871 882 930 civitas
899 869 997 930 domus
1012 878 1066 930 est.

82 951 132 1012 Sed
145 969 308 1031 quamquam
328 952 372 1011 his
393 951 508 1014 solaciis
529 951 727 1031 adquiescam,
754 951 886 1013 debilitor
906 963 935 1014 et
952 952 1094 1030 frangore

82 1034 168 1096 eadem
185 1034 232 1097 illa
249 1036 419 1096 humanitate
440 1053 512 1114 quae
532 1053 578 1095 me
599 1044 628 1094 ut
643 1035 698 1095 hoc
710 1036 803 1114 ipsum
817 1037 1012 1114 permitterem
1025 1037 1067 1096 iu·

82 1116 157 1178 duxit.
188 1117 251 1178 Non
271 1118 338 1178 ideo
360 1127 452 1178 omen
473 1118 560 1178 velim
581 1117 676 1177 durior
694 1119 764 1178 lieri.
796 1118 860 1180 Nec
878 1120 980 1198 ignoro
996 1120 1067 1180 alios
1107 1165 1113 1182 ,

52 1201 206 1261 ipsiusmodi
222 1219 307 1263 casus
326 1201 394 1261 nihil
410 1199 529 1280 amplius
543 1218 648 1260 vocare
665 1219 746 1279 quam
762 1202 889 1262 damnum
905 1220 999 1282 eoque
1014 1203 1068 1264 sibi

81 1300 185 1360 magnos
201 1285 331 1345 homines
349 1293 378 1345 et
393 1285 538 1364 sapientes
555 1282 653 1343 videri.
687 1282 741 1356 Qui
753 1303 788 1344 an
801 1286 893 1363 magni
910 1287 1068 1363 sapientes·

82 1384 129 1444 qua
149 1368 201 1428 sint
221 1369 340 1445 nescio,
364 1367 493 1428 homines
510 1384 567 1426 non
588 1375 661 1426 sunt.
693 1365 819 1428 Hominis
835 1377 881 1429 est
898 1371 971 1429 enim
985 1367 1094 1437 adficit

82 1447 180 1527 dolore,
192 1452 312 1530 sentire,
327 1453 464 1512 resistere
475 1459 567 1511 tamen
582 1459 611 1510 et
626 1449 734 1510 solacia
747 1450 905 1530 admittere,
923 1469 979 1512 non
993 1449 1068 1513 sola·

83 1532 126 1592 ciis
138 1552 192 1594 uon
202 1553 304 1613 egere.
328 1532 434 1594 Verum
448 1533 484 1594 de
501 1533 544 1594 his
562 1534 642 1612 plura
658 1533 781 1596 fortasse
797 1553 879 1614 quana
893 1534 997 1614 debui,
1014 1534 1094 1604 sed5

51 1627 75 1678 15
82 1619 201 1693 pauciora
217 1636 302 1698 quam
321 1618 409 1678 volui.
438 1616 491 1678 Est
508 1619 581 1678 cuim
603 1615 739 1696 quaedam
754 1619 838 1679 etiam
856 1618 969 1679 dolendi
986 1619 1067 1680 volu-

81 1708 151 1777 ptas,
171 1703 341 1780 praesertim
356 1704 380 1762 si
393 1703 421 1760 in
440 1702 521 1760 amici
536 1702 597 1760 sinu
613 1700 737 1778 debeas,
759 1701 833 1779 apud
848 1720 931 1780 quern
944 1702 1066 1764 lacrimis

81 1782 129 1842 tuis
142 1784 186 1844 vel
201 1785 263 1846 lans
275 1786 312 1845 sit
326 1794 421 1862 parata
434 1783 483 1844 vel
494 1784 585 1844 venia
617 1782 697 1844 Vale.

515 1901 633 1977 xvux

49 2033 75 2086 ,0
340 2014 368 2066 o.
386 2015 511 2068 nunnius
528 2015 673 2068 macrino
692 2015 753 2068 suo
770 2015 796 2067 ε.

133 2115 201 2178 llum
220 2119 287 2181 istic
304 2137 418 2198 quoque
438 2120 533 2181 inmite
554 2130 583 2180 et
603 2121 744 2182 turbidum
765 2117 896 2182 caelum?
926 2119 979 2180 liic
995 2119 1094 2185 adsi-l

81 2197 143 2260 duae
162 2211 348 2281 tempestates
370 2212 400 2263 et
420 2204 519 2264 crebra
537 2203 649 2264 diluvia.
685 2203 796 2266 Tiberis
813 2203 924 2264 alveum
941 2205 1068 2265 excessit

81 2292 105 2342 et
127 2284 337 2346 demissioribus
358 2287 429 2364 ripis
449 2286 506 2346 ulte
535 2287 757 2366 superfunditur.
795 2287 967 2364 Quamquam
988 2286 1094 2352 fossat

82 2382 154 2442 quarn
171 2368 436 2447 providentissimus
451 2371 604 2448 inperator
616 2371 686 2431 iecit
701 2370 870 2444 exhaustus,
893 2371 994 2448 premit
1009 2369 1068 2430 val-

50 2445 135 2524 ttles,
154 2453 257 2513 innatat
269 2455 393 2531 campis,
409 2471 521 2532 quaque
536 2453 649 2532 planum
665 2453 773 2530 solum,
788 2470 841 2532 pro
856 2451 919 2513 solo
936 2453 1067 2512 cernitur.

82 2529 141 2592 lude
161 2553 232 2613 quae
251 2535 326 2597 solet
345 2536 454 2596 flumina
469 2539 603 2614 accipere
625 2547 654 2597 et
675 2537 812 2616 permixta
828 2535 972 2597 devehere
989 2535 1070 2595 velut

83 2615 173 2678 obvius
189 2621 292 2680 sistere
308 2621 402 2697 cogit,
420 2629 505 2698 atquo
522 2621 559 2680 ita
574 2619 674 2680 alienis
691 2621 771 2698 aquis
789 2621 882 2697 operit
894 2635 979 2695 agros
995 2634 1067 2698 quos

83 2697 137 2774 ipsa
149 2719 204 2761 non
217 2705 315 2780 tangit.
336 2703 422 2779 Anio,
439 2702 655 2764 delicatissimus
670 2703 789 2762 amnium
800 2702 923 2781 ideoque
938 2702 1096 2763 adiutem-3

83 2781 147 2842 tibus
160 2784 235 2846 villis
251 2785 330 2846 velut
345 2788 476 2846 invitatus
487 2795 683 2864 retentusque,
701 2803 800 2863 magna
814 2803 850 2845 ex
861 2795 942 2864 parte
953 2803 1069 2846 nemora

50 2864 175 2940 toqutm
188 2869 359 2928 inumbratur
372 2868 458 2946 fregit
473 2878 503 2930 et
519 2871 624 2946 rapuit:
646 2870 754 2931 subruit
765 2878 876 2930 montes
892 2878 922 2930 et
936 2869 1070 2930 deciden-

84 2947 142 3006 tium
160 2950 235 3011 mole
252 2949 379 3029 pluribus
398 2951 472 3012 locis
490 2951 620 3030 clausus,
644 2953 709 3012 dnm
722 2954 854 3014 amissum
874 2954 929 3013 iter
949 2955 1068 3031 quaerit,

85 3027 181 3107 inpulit
194 3043 272 3096 teoto
285 3053 320 3096 ao
334 3054 367 3096 se
382 3051 469 3114 super
485 3038 580 3097 ruinas
596 3037 683 3097 eiecit
698 3046 783 3116 atque
797 3035 906 3097 extulit.
934 3036 1098 3097 Videruntt

86 3129 148 3188 quos
167 3118 372 3178 excelsioribus
391 3120 474 3178 terris
494 3119 542 3180 illa
562 3129 718 3199 tempestas
741 3118 928 3199 deprehendit
948 3118 1014 3178 alibi
1028 3117 1069 3178 di·

85 3196 162 3256 vitum
172 3210 321 3278 apparatus
335 3210 364 3262 et
376 3218 492 3279 gravem
507 3202 729 3282 supellectilem,
745 3203 811 3264 alibi
820 3205 1009 3276 instrumenta
1023 3218 1069 3260 ru·

53 3277 129 3356 ibris,
140 3282 177 3341 ibi
192 3284 282 3346 boves
296 3294 387 3345 aratra
402 3295 543 3364 ractores,
559 3285 605 3346 hio
621 3286 714 3348 solnta
728 3296 758 3346 et
769 3285 860 3345 libera
871 3293 1006 3361 armenta,
1021 3281 1069 3344 ad·

86 3377 134 3437 que
148 3366 216 3426 inter
229 3367 301 3428 haec
314 3369 444 3429 arborum
459 3379 574 3431 truncos
588 3379 635 3429 aut
649 3370 779 3430 villarum
792 3368 900 3444 trabes,
911 3367 989 3428 varie
1000 3366 1069 3427 late·

86 3461 135 3519 quo
155 3448 292 3511 fluitantia.
323 3453 369 3511 hc
388 3471 425 3512 ne
447 3451 494 3513 illa
515 3452 627 3532 quidem
646 3452 720 3514 malo
740 3459 912 3512 vacaverunt
929 3459 1096 3529 quaenunt

87 3530 203 3592 ascendit
217 3537 314 3596 amnis.
343 3533 414 3596 Nam
434 3553 487 3614 pro
502 3555 583 3598 amne
603 3537 694 3596 imber
708 3535 839 3596 adsiduus
857 3543 886 3596 et
901 3533 1006 3595 deiecti
1020 3551 1071 3594 nu·
1107 3571 1113 3581 ·
