2616 4096
343 279 603 342 EPISTULARUM
618 280 694 342 VIII.
713 292 757 344 20.
774 293 819 345 al.
1018 280 1078 345 171

90 431 176 511 Saepe
196 431 319 495 uulneres
339 432 491 493 maioribus
514 431 594 492 velut
616 433 764 493 cumbulae
786 434 923 494 onerariis
944 432 1106 495 adhaere-l

89 524 180 590 scunt,
202 533 289 593 saepe
309 518 383 575 inter
402 535 435 576 se
452 517 574 577 maiores
588 519 770 594 minoresque
788 519 869 595 quasi
886 534 1000 578 cursum
1015 533 1077 576 cer·

89 607 227 676 amenque
241 599 405 668 desumunt;
420 617 518 660 rursus
533 616 630 662 omnes
646 602 674 660 in
689 597 811 659 eundem
822 598 918 660 locum
929 597 1077 678 adpulsae,

89 699 137 758 qua
151 690 288 743 stetemnt
301 691 470 761 promovent
484 691 598 762 terram,
613 693 642 743 et
656 683 740 742 modo
754 681 808 744 bac
821 682 906 743 modo
920 681 970 742 illa
985 680 1078 742 lacurn

67 763 199 825 treddunt
217 765 419 844 auferentque3
440 782 475 825 ao
494 774 552 825 tum
571 765 701 843 demum,
724 784 787 826 cum
804 765 926 826 medium
946 774 1076 841 tenuere,

88 865 137 906 non
153 847 326 909 contrahunt.
355 847 472 908 Constat
489 866 596 927 peoora
617 848 721 910 berbas
741 859 840 910 secuta
861 851 904 912 sic
923 850 951 909 in
971 847 1104 910 insulasss

88 929 145 989 illas
156 940 185 990 ut
204 933 232 990 in
248 941 402 992 extremam
416 934 505 1009 ripam
525 933 685 1012 procedere
703 931 799 992 solere
820 951 876 994 neo
897 935 975 1012 prius
994 929 1077 992 intel-

88 1011 179 1090 legere
192 1014 298 1075 mobile
315 1014 423 1092 solum,
440 1032 523 1093 mam
536 1015 612 1076 litori
626 1017 743 1094 abrepta
761 1016 840 1094 quasi
855 1015 940 1076 inlata
953 1025 982 1076 et
996 1016 1077 1093 inpo-

88 1097 134 1156 sita
148 1098 345 1158 circumfusum
356 1098 479 1176 undique
494 1097 586 1160 lacum
600 1107 735 1179 paveant;
746 1114 813 1158 mox
825 1115 881 1177 quo
897 1099 994 1160 tulerit
1009 1116 1077 1158 ven·

57 1187 127 1241 totns
138 1199 264 1259 egressa,
278 1198 335 1241 non
349 1182 438 1259 magle
453 1200 486 1241 sc
501 1181 687 1242 descendisse
703 1182 821 1260 sentice,
836 1199 919 1260 quam
934 1182 1077 1242 senserInt

88 1265 253 1325 ascendisse.
283 1264 362 1324 Idem
376 1264 455 1324 lacus
471 1266 498 1323 in
513 1264 615 1326 llumen
632 1266 774 1342 egeritur,
790 1264 882 1344 quod,
898 1265 946 1324 ubi
961 1283 993 1325 se
1009 1270 1104 1342 pau-9

88 1344 168 1425 lisper
181 1347 274 1409 oculis
290 1347 378 1425 dedit,
396 1364 486 1426 specu
502 1349 638 1425 mergitur
652 1346 768 1427 alteque
784 1347 927 1408 conditum
941 1355 1026 1423 meat,
1042 1363 1076 1406 ac

89 1430 199 1508 siquid,
221 1440 370 1509 antequam
391 1430 612 1507 subduceretur,
638 1434 769 1510 accepit,
795 1441 891 1492 servat
910 1441 939 1491 et
956 1429 1075 1510 profert.

89 1509 158 1573 llaec
171 1515 220 1574 tibi
236 1514 357 1593 scripsi,
378 1516 442 1592 quia
460 1531 516 1574 nec
529 1515 620 1575 minus
635 1517 731 1592 ignota
744 1533 825 1593 quam
838 1515 904 1574 mibi
918 1533 973 1575 nec
985 1515 1075 1573 minus
1087 1522 1119 1574 10

58 1605 158 1671 regnata
169 1597 331 1658 credebam.
352 1595 422 1656 Nam
437 1606 465 1658 te
482 1614 614 1677 quoque,
631 1608 661 1659 ut
679 1617 741 1674 me,
758 1597 825 1657 nibil
841 1617 933 1677 aeque
948 1615 982 1658 ac
999 1605 1076 1656 natu·

89 1695 225 1758 raeopera
237 1680 389 1741 delectant.
418 1680 499 1742 Vale.

537 1813 614 1874 xiil.

352 1910 378 1961 c.
398 1910 524 1963 unimus
541 1911 684 1962 numano
702 1912 764 1964 suo
783 1911 809 1962 a.

58 2014 85 2066 io
144 2010 225 2072 Utin
247 2015 304 2074 vita
325 2015 368 2074 sic
390 2014 419 2073 in
440 2013 539 2074 studiis
559 2013 779 2092 pulcherrimum
800 2023 829 2074 et
850 2013 1100 2073 humanissimuml

90 2095 207 2155 existimo
225 2098 408 2156 severitatem
423 2099 639 2176 comitatemque
659 2099 799 2174 miscere,
820 2116 857 2157 ne
875 2095 923 2156 illa
944 2097 972 2156 in
991 2097 1077 2158 trIsti·

90 2178 161 2256 dan,
181 2178 253 2240 haec
274 2182 301 2240 in
322 2178 502 2258 petulantiam
520 2180 650 2241 excedat.
681 2179 862 2253 Quaratione
878 2181 997 2256 ductus,
1012 2189 1102 2257 gra-2

89 2261 159 2322 viora
179 2279 268 2342 opera
290 2262 399 2324 lusibus
420 2265 550 2342 iocisque
571 2263 722 2342 distinguo.
754 2264 800 2324 Ad
818 2265 872 2325 bos
887 2262 1076 2343 proferendos

91 2351 116 2401 et
134 2353 241 2424 tempus
258 2354 287 2406 et
308 2345 403 2407 locum
424 2349 690 2426 opportunissimum
710 2346 803 2426 elegi;
830 2357 918 2425 utque
934 2346 989 2405 iam
1002 2363 1076 2406 nunc

59 2425 283 2490 ttadsuescerent
303 2439 332 2490 et
343 2432 378 2490 ab
401 2431 499 2492 otiosis
515 2431 587 2490 etin
607 2431 729 2492 triclinio
746 2429 851 2507 audIri,
873 2428 945 2488 lulio
965 2446 1075 2505 mense,

91 2526 139 2586 quo
149 2514 265 2574 mamma
281 2513 346 2575 lites
362 2514 603 2593 interquiescere,
630 2516 730 2594 positis
746 2523 810 2574 ante
825 2513 918 2573 lectos
934 2510 1075 2572 cathedris

91 2595 185 2658 amicos
198 2596 348 2658 collocavi.
370 2596 457 2657 Forte
471 2598 575 2658 accidit
593 2607 623 2658 ut
641 2597 744 2658 eodem
758 2597 804 2658 die
817 2614 898 2657 mane
912 2597 941 2654 in
955 2593 1102 2656 advoca-3

92 2676 185 2738 tlonem
205 2681 326 2741 subitam
345 2698 479 2758 rogarer,
501 2680 578 2759 quod
592 2681 659 2741 mibi
674 2699 787 2741 causam
804 2677 1010 2759 praeloquendi
1028 2677 1076 2738 de·

93 2756 134 2818 dit.
160 2763 224 2822 Sum
239 2765 314 2824 enim
335 2764 505 2842 deprecatus
522 2783 557 2825 ne
573 2768 637 2844 quis
654 2775 683 2824 ut
697 2765 906 2824 inreverentem
922 2763 1018 2840 operis
1034 2781 1077 2824 ar·

60 2844 194 2923 liqueret,
206 2848 283 2925 quod
294 2851 474 2926 recitaturus,
490 2865 655 2927 quamquam
670 2858 699 2909 ct
710 2848 807 2908 amicis
821 2856 851 2908 et
865 2849 975 2926 paucis,
991 2845 1019 2906 id
1033 2856 1078 2907 est

93 2925 182 2986 iterum
194 2932 308 3008 amicis,
321 2931 384 2992 loro
399 2941 428 2992 et
442 2933 565 3010 negotiis
576 2949 633 2992 non
645 2933 854 2998 abstinuissem.
885 2930 987 2991 Addidi
1003 2929 1078 2990 bunc

94 3009 207 3072 ordinem
228 3033 273 3074 me
298 3017 325 3074 in
347 3015 498 3076 scribendo
516 3017 597 3094 sequi
618 3026 648 3077 ut
668 3017 858 3077 necessitates
873 3015 1076 3092 voluptatibus,

95 3095 158 3154 seria
171 3097 297 3157 iucundis
310 3097 497 3176 anteferrem,
514 3117 548 3160 ac
562 3101 679 3178 primum
693 3100 802 3178 amicis,
818 3107 875 3158 tum
889 3098 955 3157 mibi
969 3095 1078 3155 scribe·

94 3191 155 3234 rem.
174 3177 257 3240 Liber
272 3180 324 3242 luit
340 3191 368 3242 et
384 3182 530 3261 opusculis
540 3183 633 3243 varius
648 3193 677 3244 et
691 3180 862 3246 metris..lta
877 3181 1014 3255 solemus,
1030 3178 1104 3255 quil

60 3257 194 3334 turgente
209 3282 305 3342 parum
325 3264 450 3342 fidimus,
470 3267 607 3326 satietatis
628 3266 785 3344 pericnlum
806 3264 916 3341 lugere.
948 3260 1077 3321 Recitavi

96 3338 183 3402 biduo:
201 3345 257 3410 hoc
268 3348 407 3409 adsensus
421 3348 591 3410 audientium
605 3351 717 3428 exegit:
733 3357 763 3410 et
777 3357 869 3408 tamen
884 3355 914 3406 ut
928 3343 974 3406 alii
988 3353 1078 3405 trans·

95 3435 154 3485 eunt
168 3431 300 3506 quaedam
319 3434 502 3512 inputantquc
518 3432 593 3511 quod
606 3441 765 3505 transeant,
789 3432 832 3490 sic
847 3446 903 3508 ego
914 3426 982 3488 nihil
997 3444 1078 3506 prae·

96 3514 169 3568 tereo
183 3512 272 3592 adque
287 3518 370 3576 etiam
386 3532 442 3576 non
457 3518 613 3595 praeterire
626 3534 672 3576 mc
687 3515 762 3576 dico.
793 3511 872 3591 Lego
887 3513 960 3573 enim
975 3509 1076 3574 omnin.
