2632 4096
376 286 640 349 EPISTULARUM
652 287 716 348 Vll.
730 297 756 352 7.
768 299 796 354 8.
806 300 832 355 9.
1047 291 1108 358 137

97 439 236 518 meram,
258 449 289 501 ut
305 439 366 517 ais,
389 439 453 518 lpse
469 439 591 517 linietis,
612 442 733 522 incipies
746 444 868 521 primum
885 445 950 506 istic
966 447 1026 507 otio
1040 445 1108 526 irai,

98 523 203 584 deinde
220 526 335 586 satiatus
353 522 389 582 ad
404 538 457 584 nos
470 524 588 584 reverti.
616 524 698 586 Vale.

561 655 639 718 Vlll.

74 785 92 833 5
384 753 413 804 C.
432 745 558 807 PLINIUS
575 757 689 809 russeo
708 757 768 810 SUO
787 757 813 808 S.

157 855 328 935 Exprimere
345 874 402 917 non
417 871 538 936 possum
553 876 636 936 quam
654 859 808 921 iucundum
824 861 863 922 sit
883 860 950 920 milri
966 861 1042 940 quod
1056 861 1133 930 Sal

97 942 227 1001 tuminus
242 949 343 1001 noster
362 957 485 1002 summas
505 940 555 1001 tibi
578 943 653 1021 apud
673 961 719 1004 me
735 945 840 1022 gratias
854 943 919 1004 aliis
935 961 1024 1025 super
1036 945 1106 1007 alias

98 1023 233 1103 epistulis
252 1027 322 1102 agit.
351 1023 445 1102 Perge
464 1033 496 1084 ut
515 1027 638 1105 coepisti
652 1029 800 1107 uirumque
816 1030 953 1106 optimum
968 1046 1049 1107 quum
1065 1029 1133 1095 lua

97 1107 288 1168 miliarissime
309 1106 356 1168 dili
378 1127 412 1186 e,
436 1125 566 1187 magnam
582 1109 759 1189 uoluptatem
775 1130 813 1172 ex
826 1113 948 1172 amicitia
962 1114 1025 1174 eius
1040 1130 1106 1191 per·

59 1199 252 1271 tocoptarus,
270 1209 326 1254 neu
336 1127 378 1252 ad
386 1193 476 1254 breue
489 1202 613 1272 tempus.
645 1193 716 1255 Nam
731 1213 794 1255 cum
810 1195 939 1256 omuibus
955 1197 1134 1264 virtutibusa

97 1275 397 1419 abumattpnmmmprqc
417 1279 575 1357 praecipue
596 1278 673 1356 quod
692 1277 779 1339 babet
798 1280 945 1340 maximam
965 1280 993 1339 in
1010 1297 1107 1340 amore

99 1368 217 1420 constan
286 1401 294 1418 .
352 1377 408 1420 ae.

555 1494 580 1553 V
638 1537 647 1554 .

58 1611 91 1662 15
398 1589 426 1644 (l.
445 1591 569 1644 PLINIUS
581 1494 685 1646 IFUIdISGO
702 1593 761 1646 SUO
780 1593 807 1649 S.

162 1688 286 1762 Quaeris
306 1691 540 1768 quemadmodum
563 1695 592 1754 in
612 1713 751 1774 secessu,
775 1713 834 1774 quo
853 1694 972 1756 iamdiu
989 1694 1129 1772 irueris‚1

99 1783 198 1852 putem
212 1783 243 1834 te
257 1773 375 1840 studere
390 1786 536 1856 opertere.
568 1778 646 1840 Utile
666 1781 826 1860 inprimis,
853 1789 883 1840 et
899 1778 979 1839 multi
994 1781 1133 1856 praeci-2

98 1860 196 1936 piant,
221 1856 271 1918 vel
291 1875 330 1917 ex
358 1857 469 1921 Graeco
489 1862 518 1921 in
536 1861 663 1923 Latinum
688 1863 737 1924 uel
761 1881 799 1924 ex
821 1862 919 1924 Latium
940 1871 1056 1932 vertere
1076 1865 1106 1923 in

98 1939 256 2001 Graecum:
281 1957 338 2019 quo
360 1961 470 2020 genere
488 1947 701 2008 exercitationis
725 1949 887 2026 proprietas
910 1945 1105 2026 splendorque

56 2025 262 2102 bouerborum,
278 2027 362 2103 copia
373 2027 534 2107 flgurororm
550 2031 594 2091 vis
606 2029 778 2110 explicandi,
791 2040 940 2109 praeterea
950 2031 1105 2092 imitatione

99 2110 272 2189 optimorum
288 2109 388 2170 similia
406 2113 567 2174 inveniendi
588 2114 707 2176 facultas
727 2124 855 2193 paratur:
877 2113 959 2176 simul
975 2131 1049 2193 quae
1063 2113 1105 2175 le·

98 2201 215 2271 gentem
229 2191 404 2256 ialellissuut
418 2196 636 2259 transferentem
650 2198 753 2277 iugero
768 2216 825 2260 ncn
837 2207 968 2278 possunt.
989 2197 1106 2259 lntelle·

97 2278 196 2355 guntin
211 2294 250 2336 ex
261 2276 319 2338 boc
335 2287 365 2339 et
378 2280 510 2340 iudicium
524 2281 690 2361 adquiritur.
710 2282 789 2343 Nibil
804 2283 919 2344 olluerit
935 2299 1009 2361 quae
1023 2280 1132 2360 lege-3

97 2363 138 2421 ris
150 2359 291 2422 hatenus
305 2370 336 2421 ut
345 2380 406 2423 rem
416 2374 669 2446 argumentumque
679 2375 779 2427 teneas
791 2368 870 2446 quasi
880 2366 1021 2427 aemulum
1032 2367 1105 2425 scri-

55 2445 170 2506 ttbore
184 2444 329 2524 lectisque
344 2446 488 2524 coulerre,
504 2466 539 2508 ac
555 2448 657 2510 sedulo
671 2453 816 2528 pensitare
831 2450 898 2530 quid
914 2458 956 2527 tu,
973 2447 1039 2528 quid
1055 2448 1106 2508 ille

98 2529 287 2593 commodius.
308 2528 410 2609 blagna
424 2531 588 2612 gratulatio,
604 2535 629 2594 si
642 2550 699 2595 non
712 2532 789 2595 nulla
803 2542 852 2611 tu,
866 2549 985 2611 magnus
1000 2531 1104 2611 pudor,

97 2615 123 2674 si
138 2621 243 2674 macta
257 2612 307 2674 ille
328 2614 441 2676 molius.
461 2607 573 2678 diceba
589 2618 729 2679 interdurn
746 2627 776 2678 et
790 2619 936 2679 notissima
950 2616 1061 2695 eligere
1075 2625 1107 2676 et

98 2706 212 2758 certare
228 2715 292 2757 cum
306 2697 420 2760 electis.
443 2699 543 2761 Audax
556 2701 640 2779 baec,
654 2719 712 2762 non
726 2709 819 2762 tamen
832 2700 964 2779 inproba,
980 2701 1045 2779 quia
1059 2711 1134 2765 sea

99 2791 179 2843 creta
201 2783 362 2843 contentio:
385 2801 553 2864 quamquam
576 2785 680 2846 multos
704 2784 834 2848 videmus
855 2785 993 2846 eiusmodi
1014 2793 1106 2846 certa·

57 2867 172 2928 warlus
187 2865 242 2926 sibi
258 2883 323 2927 cum
337 2866 423 2929 multa
437 2868 521 2929 laude
538 2870 712 2949 sumpsisse,
737 2884 869 2950 quosque
884 2870 1023 2949 subsequi
1036 2871 1106 2930 satis

98 2949 257 3027 habebant,
279 2949 344 3010 dum
363 2968 420 3012 uon
437 2951 606 3032 desperant,
627 2956 831 3016 antecessisse.
862 2952 973 3014 Poteris
990 2962 1019 3013 et
1034 2963 1134 3032 quaes

98 3033 207 3095 dimris
218 3043 286 3112 post
297 3034 472 3097 oblivionem
482 3045 650 3115 retractare,
666 3037 752 3098 multa
768 3040 902 3116 retinere,
914 3037 999 3115 plura
1014 3046 1106 3096 trans·
1168 3105 1181 3116 ⁸

97 3120 158 3195 ire,
180 3117 235 3178 alia
254 3120 475 3198 interscribere,
496 3119 550 3181 alia
568 3122 742 3183 rescribere.
772 3120 957 3183 Laboriosum
979 3119 1055 3180 istud
1076 3127 1133 3184 ets

97 3201 194 3264 taedio
208 3202 325 3281 plenum
338 3203 391 3266 sed
405 3203 572 3266 dilllcultate
586 3207 650 3285 ipsa
664 3205 850 3283 fructuosum,
869 3203 1053 3265 recalescere
1069 3221 1106 3263 ex

55 3289 212 3364 dointegro
227 3296 257 3347 et
270 3305 418 3349 resumere
432 3290 569 3369 impetam
588 3289 708 3351 fractum
724 3291 935 3367 omissamque,
957 3295 1106 3366 postremo

97 3388 173 3432 nora
187 3369 270 3431 volut
283 3373 408 3434 membru
423 3383 543 3451 peracto
557 3376 673 3454 corpori
687 3375 817 3434 intemre
834 3389 890 3432 nec
906 3379 999 3431 tamen
1010 3372 1106 3450 priora

97 3455 225 3516 turbare.
256 3455 324 3516 Scio
335 3473 411 3517 nunc
426 3458 477 3518 tibi
492 3475 559 3519 esse
576 3459 763 3536 praecipuum
777 3455 898 3517 studium
914 3452 1027 3522 orandi:
1053 3454 1132 3517 sedi

97 3556 156 3600 non
171 3538 239 3599 ideo
258 3557 375 3621 semper
388 3558 548 3621 pugnacem
564 3541 640 3602 bunc
660 3550 690 3602 et
709 3541 789 3620 quasi
810 3537 990 3600 bellatoriam
1010 3537 1107 3598 stilum
