2632 4096
354 285 617 349 EPISTULARUM
629 288 679 349 vl.
701 297 727 352 7.
737 297 765 352 8.
779 298 806 352 9.
1025 289 1085 352 113

93 438 237 499 intuentur.
266 436 337 498 Nam
352 448 382 499 et
396 439 446 499 iile
460 441 611 501 amicitiam
624 457 715 499 meam
729 439 863 500 latissima
874 439 1085 519 praedicatione

93 521 249 582 circumfert
262 530 293 582 et
313 538 369 599 ego
386 539 455 601 prae
473 540 520 584 me
536 523 600 584 iero
615 533 735 602 quantae
748 524 787 583 sit
804 520 870 582 mibi
889 541 974 583 curae
988 523 1085 584 mode·

92 606 141 665 ntia
161 606 243 683 quies
264 606 403 683 securitas
420 607 491 666 eins.
527 605 600 680 Quin
621 608 704 667 etiam
721 623 785 666 cum
800 604 977 666 insolentiam
992 609 1113 671 cutus-a

92 687 148 746 dam
162 689 331 749 tribunatum
344 687 440 768 plebis
460 691 553 748 inituri
567 698 718 749 vereretur
733 688 820 768 idque
840 688 994 750 indicasset
1007 690 1084 767 mibi,

71 771 222 851 trespondi
242 762 335 845 οὔτις
356 767 436 850 ἐμεῦ
457 770 587 845 ζῶντος.
621 771 749 845 Quorsus
769 769 862 832 baec?
887 781 917 832 nt
936 775 1011 834 scias
1027 790 1085 833 non

91 870 174 932 posse
194 853 311 915 Atilium
337 872 384 913 me
408 854 542 916 incolumi
564 857 690 916 iniuriam
705 857 849 933 accipere.
883 854 987 916 itemm
1003 855 1109 920 diceet

91 942 220 1016 ‘quorsus
235 935 345 998 haeoi'
358 937 465 999 Debuit
481 941 508 999 ei
520 939 668 1017 pecuniam
680 937 810 999 Valerius
820 937 928 1000 Vams:
942 939 1026 1001 buius
1040 950 1086 1002 est

90 1019 170 1082 beres
184 1019 323 1082 Maximus
336 1031 445 1100 noster,
462 1039 546 1101 quem
561 1031 590 1083 et
606 1024 671 1102 ipse
686 1039 764 1100 amo,
784 1021 835 1083 sed
851 1024 1028 1085 coniunctius
1043 1033 1083 1085 tu.

90 1101 169 1182 Rogo
183 1123 266 1183 ergo,
285 1106 370 1182 exigo
386 1108 468 1166 etiam
481 1121 534 1184 pro
545 1109 606 1165 iure
618 1107 768 1184 amicitiae,
785 1123 869 1166 cures
878 1115 909 1166 ut
920 1106 1007 1169 Atilio
1018 1121 1110 1176 meos

57 1187 164 1252 losalra
177 1191 214 1249 sit
228 1205 286 1248 non
301 1205 364 1249 sors
377 1189 465 1249 modo
487 1204 584 1250 nerum
604 1191 687 1249 etiam
705 1207 789 1250 usura
806 1188 927 1268 plurium
940 1207 1083 1252 annorum.

91 1268 177 1331 Homo
191 1281 237 1332 est
251 1271 336 1332 alieni
349 1271 620 1350 abstinentissimus,
641 1274 685 1331 sui
700 1271 839 1350 diligens,
860 1271 945 1332 nuliis
961 1278 1084 1352 quaesti-

91 1353 140 1414 bus
154 1359 323 1432 sustinetur,
345 1353 439 1414 nuilus
452 1354 495 1415 iiii
508 1357 562 1415 nisi
574 1373 611 1416 er
624 1355 784 1433 frugalitate
794 1354 911 1415 reditus.
941 1354 1012 1417 Nam
1027 1366 1111 1423 stu-c

92 1435 147 1516 dia,
169 1440 272 1518 quibus
294 1437 443 1518 plurimum
457 1449 599 1517 praestat,
620 1437 656 1498 ad
668 1438 842 1518 uoluptatem
859 1447 964 1500 tautum
978 1449 1008 1500 et
1021 1440 1084 1518 gio-

90 1522 152 1580 riam
170 1532 300 1583 exercet.
331 1519 430 1582 Gravis
444 1533 489 1583 est
504 1525 531 1583 ei
546 1521 593 1582 uel
607 1524 718 1582 minima
731 1525 856 1600 iactura,
874 1525 938 1601 quia
948 1541 1083 1603 reparare

57 1608 84 1660 15
93 1604 161 1683 quod
174 1608 304 1666 amiseris
318 1607 432 1683 gravium
452 1616 507 1668 est.
538 1605 638 1666 Exime
652 1605 728 1667 buno
742 1605 801 1684 ilii,
824 1606 915 1665 emme
929 1605 1005 1668 bunc
1018 1608 1109 1673 mibii

90 1689 263 1767 sompnium:
277 1691 339 1750 sine
353 1706 398 1749 me
413 1691 550 1750 suavitate
565 1692 638 1768 eius,
653 1691 715 1750 sine
728 1689 877 1767 leporibus
887 1690 1003 1768 perimi.
1026 1689 1084 1751 Ne·

91 1789 141 1849 que
160 1776 235 1833 enim
256 1790 372 1852 possum
393 1773 505 1834 tristem
524 1771 639 1852 videre,
666 1775 745 1832 cuius
766 1772 888 1833 bilaritas
906 1789 952 1832 me
974 1774 1082 1835 tristem

91 1871 220 1916 essenon
239 1858 350 1935 patitur.
380 1854 412 1915 ln
426 1874 550 1934 summa,
571 1857 645 1917 nosti
662 1857 779 1916 facetias
793 1854 928 1923 bominis;
948 1873 1018 1934 quas
1032 1867 1109 1920 ves

89 1935 133 1995 lim
146 1938 282 2000 adtendas
293 1957 330 2000 ne
345 1942 373 1999 in
387 1937 473 2000 bilem
486 1947 516 2000 et
526 1940 735 2001 amaritudinem
751 1947 844 2000 vertat
857 1940 965 1998 iniuria.
994 1938 1083 2012 Quam

55 2022 140 2081 norim
152 2019 256 2085 babeat
270 2023 396 2084 oiiensus
412 2023 499 2084 crede
513 2025 540 2084 ei
553 2041 635 2104 quam
648 2026 677 2084 in
692 2040 788 2083 amore
800 2021 895 2082 babet.
927 2020 993 2085 Nou
1009 2024 1083 2086 ieret

89 2120 211 2182 magnum
231 2117 263 2168 et
284 2106 403 2167 libemm
423 2108 566 2185 ingenium
585 2125 649 2168 cum
669 2105 838 2168 contumelia
856 2104 992 2166 damnum.
1025 2109 1108 2171 Vct-9

89 2203 144 2246 mm
157 2200 186 2249 ut
199 2191 275 2251 ierat
288 2189 356 2268 iiie,
377 2207 434 2269 ego
453 2207 547 2250 mcum
566 2190 708 2268 damnum,
725 2205 815 2250 meam
831 2190 1028 2252 contumeliam
1041 2195 1082 2252 in·

90 2268 196 2351 dicabo,
212 2274 267 2335 sed
282 2291 338 2333 non
353 2282 493 2353 tamquam
512 2291 565 2353 pro
584 2292 665 2352 mea,
686 2273 743 2334 boo
764 2283 810 2334 est
830 2275 944 2350 gravium
965 2276 1080 2336 irascar.

91 2351 257 2436 Quamquam
277 2357 344 2437 quid
364 2356 618 2418 denuntiationibus
642 2368 671 2418 et
692 2358 772 2437 quasi
791 2358 874 2417 minis
898 2353 975 2434 agui
1008 2355 1082 2430 Quin

55 2440 194 2518 bonotius,
212 2450 245 2502 ut
263 2458 431 2520 coeperam,
444 2457 533 2519 rogo,
550 2457 601 2501 oro
622 2441 675 2502 des
692 2456 808 2519 operam
823 2439 922 2500 neiile
934 2457 984 2518 se,
1005 2440 1081 2519 quod

89 2519 255 2585 ualidissime
270 2541 384 2602 vereor,
400 2527 485 2602 ame,
503 2541 561 2602 ego
576 2542 622 2585 me
635 2523 800 2602 neglectum
813 2540 830 2583 a
843 2530 873 2581 te
887 2532 992 2600 putem.
1024 2522 1081 2584 Da·

89 2600 135 2748 uu:
150 2617 262 2686 autem,
290 2609 314 2668 si
339 2606 397 2668 boc
419 2607 538 2686 pemnde
564 2625 649 2668 curae
671 2615 717 2668 est
738 2605 789 2664 tibi
810 2621 893 2682 quum
912 2604 981 2665 iilud
1003 2607 1079 2666 mibi.

137 2708 162 2750 o.

535 2821 588 2882 vlt
618 2867 626 2882 .

359 2919 386 2974 o.
406 2907 533 2973 nunnius
551 2821 669 2972 unldmo
688 2920 749 2974 suo
766 2920 793 2975 a.

147 3020 333 3084 Commendas
358 3023 425 3083 mibi
444 3021 545 3082 iulium
564 3021 707 3084 Nasonem
726 3022 909 3085 candidatum.
939 3022 1106 3084 Nasonemt

93 3101 170 3164 mibi?
193 3104 261 3184 quid
281 3107 307 3167 si
326 3122 372 3166 me
392 3102 506 3186 ipsum?
536 3105 611 3167 Fero
633 3115 726 3168 tamen
744 3116 775 3169 et
790 3109 920 3186 ignosco.
952 3103 1081 3167 Eundem

93 3188 159 3248 enin
174 3187 416 3251 commendassem
432 3189 497 3266 tibi,
518 3191 542 3251 si
557 3199 587 3250 te
602 3188 710 3250 Romae
720 3201 847 3251 morante
861 3191 924 3269 ipse
935 3188 1080 3251 afuissem.

58 3264 176 3331 mdabat
188 3272 244 3333 boc
260 3271 433 3350 sollicitudo,
447 3272 524 3353 quod
536 3275 627 3334 omnia
637 3276 800 3336 necessaria
811 3281 900 3351 putat.
922 3270 964 3330 Tu
977 3279 1106 3349 tamem

94 3369 203 3434 museo,
219 3355 290 3418 ulios
303 3373 406 3434 rogem
426 3373 483 3434 ego
504 3375 622 3436 procum
634 3366 743 3419 tuarum
756 3358 882 3416 minister
895 3353 1004 3416 adiutor
1017 3371 1081 3433 par·

93 3436 179 3514 daupu
193 3457 251 3500 ero.
281 3438 362 3502 Vale.

128 3523 197 3580 Puun
213 3527 261 3583 En.
901 3519 922 3580 8
