2614 4104
220 301 281 366 278
471 368 473 373 ,
645 297 678 362 0.
699 297 794 364 rulttl

219 455 354 515 absentes
369 455 398 513 iu
414 453 536 514 consilio
552 451 647 514 babet.
671 452 768 512 Tertio
784 452 918 512 consules
930 452 1000 514 iecit
1012 468 1086 532 quos
1101 469 1157 513 vos
1169 452 1223 512 ela·

220 540 342 614 geratis,
364 545 394 596 et
407 537 478 598 iecit
493 538 549 597 boc
565 535 663 596 ordine
679 551 736 614 quo
751 535 870 596 electis
889 536 973 598 vobis
987 543 1076 596 eraut.
1106 534 1226 615 Magnus

220 624 317 700 utique
332 621 423 680 bonor
435 630 551 698 vester,
568 622 630 680 sive
645 620 762 680 eosdem
775 621 894 678 maxime
905 619 996 697 diligit
1013 636 1088 698 quos
1104 621 1166 680 seit
1178 637 1226 680 vo·

220 706 265 765 bis
286 723 353 766 esse
373 707 551 782 carissimos,
567 705 628 764 sire
642 703 700 762 illis
714 704 854 763 neminem
867 703 1009 782 praefert,
1031 705 1164 781 quamvis
1179 702 1227 764 ali·

221 805 305 868 quem
320 790 410 865 magis
422 797 510 848 amet:
536 789 683 866 proposita
695 795 759 847 suut
774 786 934 846 senioribus
949 788 1093 864 praemia,
1114 788 1247 848 iuveni-t

220 873 273 932 bus
288 871 432 949 exempla:
454 870 569 947 adeant,
591 871 773 950 frequentent
787 887 904 930 securas
918 870 1029 930 taudem
1041 887 1080 928 ac
1093 879 1227 947 patentes

220 954 336 1015 domos:
362 956 490 1035 quisquis
505 955 640 1033 probatos
656 954 766 1013 senatui
781 955 1014 1031 virossuspicit,
1040 952 1089 1013 hic
1103 955 1226 1014 mamma

219 1039 376 1116 principem
388 1046 575 1117 promeretur.
596 1037 657 1098 Sibi
668 1039 743 1098 enim
756 1036 927 1099 adcrescere
939 1043 1020 1114 putat
1029 1036 1110 1115 quod
1120 1040 1225 1116 cuique

219 1120 392 1199 adstruatur,
408 1121 570 1201 nullamque
582 1123 610 1180 in
622 1139 659 1181 eo
671 1121 789 1198 gloriam
800 1123 881 1198 ponit
892 1118 968 1198 quod
979 1122 1017 1180 sit
1025 1121 1160 1180 omnibus
1170 1139 1225 1180 ma·

218 1206 279 1282 ior,
294 1205 347 1264 uisi
363 1206 474 1265 maximi
488 1205 591 1265 luerint
608 1205 709 1283 quibus
724 1205 814 1263 maior
827 1212 882 1264 est.
912 1202 1027 1279 Parata,
1049 1202 1177 1280 Caesar,
1198 1207 1225 1264 iu
1232 1214 1260 1265 10

219 1290 272 1348 ista
288 1291 396 1349 ratione
411 1290 565 1368 propositi,
581 1288 711 1366 talosque
722 1305 775 1347 uos
792 1286 879 1346 crede
894 1284 983 1366 qualis
999 1286 1072 1348 lama
1082 1289 1224 1366 cuiusque

218 1381 273 1432 est.
288 1371 360 1431 Huic
373 1391 467 1450 aures,
479 1373 546 1431 huic
558 1371 657 1433 oculos
668 1370 797 1431 intende:
808 1388 844 1429 ne
857 1372 1020 1448 respexeris
1031 1369 1223 1432 clandestinas

219 1456 438 1516 existimationes
458 1454 601 1533 nullisque
613 1456 703 1532 magis
716 1468 798 1534 quam
808 1453 984 1514 audientibus
996 1452 1164 1515 insidiantes
1177 1474 1222 1514 su·

218 1535 933 1616 sumosbleliusomnibusqnamsinguliscreditur.
943 1535 1221 1614 Singulienimdeei·

217 1638 288 1700 pere
297 1621 661 1700 etdecipipossunt:uemo
670 1639 780 1697 omnes,
789 1619 1218 1682 neminemomncsieiellerunt.
1232 1631 1258 1682 15

165 1710 207 1773 63
281 1704 424 1765 Revertor
443 1708 498 1765 iam
516 1705 551 1765 ad
568 1704 743 1768 consulatum
762 1714 854 1782 tuum,
881 1706 937 1765 etsi
953 1710 1016 1764 sunt
1033 1703 1173 1783 quaedam
1187 1705 1221 1766 ad

219 1788 395 1849 consulatum
412 1789 524 1868 quidem
535 1791 720 1867 pertinentia,
738 1797 802 1851 ante
811 1787 987 1848 consulatum
997 1797 1107 1856 tamem
1122 1790 1153 1848 in
1165 1791 1219 1867 pri·

216 1874 270 1930 mis
292 1871 368 1951 quod
396 1873 517 1932 comitiis
537 1873 594 1933 tuis
615 1871 766 1932 interfuisti
787 1870 949 1932 candidatus
971 1889 1027 1932 aon
1052 1870 1218 1933 consulatus

215 1963 323 2014 tantum
336 1955 389 2014 sed
402 1955 605 2016 inmortalitatis
621 1964 651 2014 et
664 1953 773 2033 gldriae
789 1963 819 2013 et
832 1952 956 2032 exempli
970 1954 1048 2034 quod
1062 1973 1219 2032 sequeren-

215 2045 261 2096 tur
276 2037 421 2115 principes
435 2037 519 2115 boni,
535 2038 600 2098 mali
611 2040 784 2097 mirarentur.
806 2037 883 2098 Vidit
897 2047 927 2098 te
938 2037 1063 2116 populos
1073 2037 1255 2100 Romanusitt

215 2120 243 2178 iu
259 2118 307 2177 illa
322 2127 422 2179 vetere
439 2121 591 2198 potestatis
608 2137 677 2182 suae
690 2121 779 2182 ¹sede:
794 2139 952 2200 perpessus
970 2139 1003 2181 es
1015 2121 1134 2199 longum
1150 2121 1218 2183 illud

196 2275 201 2282 ι
217 2220 330 2262 carmen
344 2204 520 2263 comitiorum
534 2221 588 2266 nec
602 2207 655 2264 iam
669 2204 842 2266 inridendam
855 2221 977 2281 moram,
1000 2204 1162 2283 consulque
1175 2209 1218 2268 sic

215 2286 307 2347 iactus
321 2305 353 2346 es
369 2294 400 2346 ut
414 2305 485 2349 unus
501 2307 537 2347 ex
551 2289 652 2365 nobis,
670 2305 742 2367 quos
760 2287 831 2348 lacis
848 2288 993 2348 consules.
1016 2287 1129 2360 Quotus
1142 2292 1217 2368 quis·

215 2388 271 2450 que
286 2372 445 2450 principum
459 2373 686 2432 antecedentium
697 2371 834 2433 honorem
843 2374 926 2432 istum
940 2381 989 2433 aut
999 2372 1160 2436 consulatui
1170 2373 1215 2432 ba·

214 2453 273 2514 buit
288 2463 335 2514 aut
350 2452 480 2533 populo?
498 2453 569 2515 Nam
584 2453 631 2515 alii
642 2455 757 2515 marcidi
768 2471 867 2515 somno
883 2455 1072 2535 besternaque
1084 2474 1157 2516 cena
1172 2462 1252 2516 nebo

215 2537 371 2599 dundantes
387 2540 562 2598 comitiorum
575 2555 690 2599 suorum
703 2541 816 2599 nonnos
831 2539 1069 2617 opperiebantur,
1085 2538 1133 2600 alii
1148 2557 1214 2600 saue

215 2621 372 2698 pervigiles
388 2631 418 2682 et
436 2623 596 2699 insomnes,
617 2622 669 2681 sed
683 2624 754 2681 intra
771 2621 873 2682 cubilia
888 2639 938 2681 sua
952 2621 1008 2683 illis
1022 2624 1098 2700 ipsis
1113 2641 1214 2684 consu·

214 2702 289 2763 libus
301 2723 316 2763 a
328 2706 430 2783 quibus
445 2705 581 2767 consules
593 2705 821 2766 renuntiabantur
830 2704 917 2764 exilia
929 2713 959 2764 et
977 2706 1096 2766 caedem
1109 2707 1213 2768 macbi·

213 2787 357 2846 nabantur.
382 2787 503 2864 Oprara
518 2798 548 2850 et
561 2789 649 2848 inscia
662 2805 748 2849 verae
762 2790 915 2850 maiestatis
928 2788 1063 2866 ambitio,
1078 2792 1213 2868 concupi·
1291 2847 1292 2860 ,

214 2884 298 2928 scere
313 2868 450 2929 bonorem
465 2889 550 2948 quem
565 2871 743 2949 dedigneris,
759 2871 905 2948 dedignari
920 2887 1004 2950 mem
1019 2875 1251 2952 concupieris,3tt

214 2967 335 3028 cumque
351 2969 388 3011 ex
400 2956 534 3029 proximis
546 2954 634 3015 bortis
650 2972 778 3033 eampum
794 2961 823 3014 et
839 2956 951 3016 comitia
965 2966 1155 3035 prospectes,
1172 2959 1214 3018 sic

213 3035 248 3096 ab
263 3034 319 3096 illis
334 3035 454 3111 abesse,
478 3043 616 3117 tamqnam
628 3037 759 3099 Danubio
774 3038 933 3117 Rhenoque
950 3038 1095 3100 dirimere!
1121 3039 1214 3100 Aren·

212 3121 287 3180 seris
302 3129 332 3179 tn
345 3119 446 3180 honori
462 3129 512 3180 tuo
527 3133 640 3200 sperata
655 3123 805 3200 suffragia,
826 3123 1036 3200 renuntiarique
1057 3131 1087 3184 te
1109 3139 1214 3186 consu·

212 3202 269 3263 lem
285 3205 403 3265 iussisse
422 3213 587 3283 contentus,
612 3205 720 3266 liberae
734 3207 855 3266 civitatis
874 3224 911 3266 ne
931 3205 1138 3268 simulationem
1152 3209 1214 3285 qui·

212 3286 277 3346 dem
291 3285 414 3348 serves?
442 3287 584 3348 abstinens
599 3288 721 3368 denique
739 3291 878 3367 comitiis,
898 3289 1046 3351 abstrusus
1060 3299 1148 3368 atque
1163 3291 1251 3354 abbi

212 3370 303 3443 ditus,
321 3373 400 3448 quasi
414 3371 473 3432 illic
486 3373 537 3433 tibi
552 3390 609 3432 non
625 3372 788 3433 consulatus
803 3372 901 3451 detur,
923 3372 977 3432 sed
992 3373 1150 3452 abrogetur
1163 3376 1214 3434 im·
1291 3389 1292 3434 3

212 3451 343 3527 perium?
370 3453 448 3514 llaec
463 3457 611 3533 persuasio
626 3456 843 3535 superbissimis
852 3456 970 3518 dominis
985 3467 1045 3520 crat
1055 3466 1087 3517 ut
1101 3457 1157 3520 sibi
1170 3460 1214 3518 vi·
1291 3449 1292 3520 ἶ

213 3533 348 3592 darentur
366 3537 510 3613 principes
532 3556 599 3598 esse
619 3535 767 3615 desinere,
792 3541 818 3599 si
839 3539 907 3618 quid
926 3539 1056 3603 iacerent
1071 3549 1212 3622 tamquam
1291 3543 1292 3592 l
