2614 4104
359 303 625 367 rnuuouulctts
644 314 789 369 arouse.
1012 305 1076 370 257

71 457 115 535 gia
129 457 222 517 inania
235 467 265 518 et
279 474 369 518 meua
383 467 413 518 et
423 457 524 518 similia
537 456 739 536 redeuntibus,
755 457 821 517 bine
831 456 917 534 plena
930 468 960 518 et
975 470 1076 521 onusta

73 549 101 599 et
116 539 212 620 qualia
231 540 327 602 solent
341 542 442 602 venire
458 543 618 619 mittantur,
647 558 847 620 eoureraoque
859 557 977 602 munere
990 545 1074 603 maris

72 623 135 685 bino
149 625 247 703 potius
266 627 343 685 venti
362 624 491 686 ferentes
507 635 537 684 et
552 625 648 686 brevis
665 642 765 686 aursus
780 632 922 704 optentur.
960 623 1073 703 llirum,

73 705 195 786 Caesar,
210 707 368 786 rideretur,
383 710 408 770 si
424 708 552 769 desidem
565 708 730 786 Aegyptum
746 717 965 787 cessantemque
980 706 1075 768 Nilum

50 787 126 851 ⁵nou
141 793 285 854 senebset
300 793 378 853 urbis
395 809 520 861 aunona;
541 809 613 871 quae
627 794 683 852 tais
697 792 818 872 opibus,
839 801 886 852 tua
901 809 1075 872 eamusque

71 874 136 934 ibae
152 874 333 953 redundavit,
350 885 381 935 ιιι
395 874 478 936 simul
496 875 665 954 probaretur
677 885 708 937 et
721 892 775 936 uos
789 875 925 954 Aegypto
942 893 1031 954 posse
1046 885 1075 936 et

71 959 150 1019 nobis
161 959 330 1037 Aegyptum
343 977 442 1020 enuere
453 976 509 1018 non
520 975 619 1037 posse.
639 959 744 1019 Aetam
755 968 817 1020 erat
827 958 865 1020 de
874 959 1075 1020 fecundissima

71 1051 172 1122 gente,
188 1045 214 1104 si
228 1043 319 1103 libera
333 1042 451 1104 fuisset:
471 1042 595 1120 pudebat
611 1042 767 1104 sterilitatis
781 1041 930 1120 insolitae,
950 1061 1008 1104 neo
1023 1043 1074 1102 mi·

71 1143 120 1186 nus
139 1126 331 1188 erubeseebat
341 1125 414 1187 fanno
429 1143 511 1205 quam
527 1128 731 1204 torquebatur,
750 1143 814 1186 oum
828 1127 936 1204 pariter
949 1145 966 1186 a
978 1135 1008 1186 te
1024 1145 1073 1186 ne·
1090 1141 1092 1149 ⁴

39 1209 65 1259 10
73 1211 252 1271 cessitatibus
267 1211 329 1271 eius
343 1210 502 1288 pudorique
518 1210 689 1271 subventum
701 1218 755 1270 est.
792 1209 951 1287 Stupebant
964 1211 1075 1287 agrioo·

71 1292 112 1392 lue
124 1291 211 1372 plena
226 1293 346 1371 borrea,
368 1311 441 1372 quae
460 1309 517 1353 non
529 1295 584 1373 ipsi
598 1293 803 1368 refersissent,
828 1293 931 1371 quibus
946 1292 983 1352 tle
999 1309 1073 1390 eam·

71 1394 113 1520 lt
123 1377 874 1540 llillitttlttsaliltrt,ltititbbt
886 1375 1073 1537 illisit&

71 1552 117 1621 pto
132 1545 248 1623 quidem
264 1563 370 1626 saepe,
395 1545 448 1605 sed
462 1545 572 1622 gloriae
592 1554 707 1606 nostrae
728 1562 878 1624 numquam
894 1542 1001 1622 largior
1021 1542 1073 1602 bu·

39 1628 117 1687 lixit.
138 1628 229 1702 Quam
251 1647 327 1690 nuno
346 1630 422 1689 iuvat
444 1630 605 1708 provincias
626 1646 725 1690 omnes
745 1631 775 1688 in
795 1628 879 1689 iidem
892 1637 1015 1688 nostram
1030 1625 1124 1696 disq

72 1712 230 1792 lienemque
244 1714 376 1790 venisse,
396 1721 547 1791 postquam
562 1714 681 1790 eontigit
694 1714 847 1793 prineeps,
869 1711 918 1790 qui
933 1719 1070 1771 terrarum

73 1793 270 1858 leounditatem
279 1815 354 1856 nune
365 1796 506 1857 buonune
521 1794 609 1874 illue,
629 1807 660 1857 ut
672 1807 785 1875 tempus
803 1805 832 1856 et
847 1794 1006 1855 nenessitas
1020 1809 1072 1869 po·

74 1889 176 1958 soeret,
192 1880 361 1941 transferret
374 1879 566 1959 referretque,
581 1881 629 1958 qui
644 1879 812 1960 diremptam
827 1880 895 1938 mari
911 1887 1028 1955 gentem
1042 1886 1072 1937 ut

74 1971 176 2038 partem
195 1963 317 2043 aliquam
331 1962 432 2043 populi
447 1963 600 2043 plebisque
615 1963 758 2025 llomauae
774 1962 866 2024 aleret
879 1979 915 2023 ae
929 1958 1071 2023 tueretur!

40 2042 106 2104 aaut
121 2047 202 2108 eaelo
218 2048 332 2126 quidem
346 2065 496 2126 numquam
510 2047 669 2125 benignitas
683 2057 758 2109 ιιιιιι
769 2056 800 2107 ιιι
811 2063 911 2108 omnes
922 2043 1004 2106 simul
1014 2053 1072 2104 ter·

74 2145 114 2190 ιιι
127 2131 243 2192 ubertet
253 2131 419 2210 foveatque:
436 2130 483 2191 bio
495 2132 625 2192 omnibus
640 2135 763 2212 pariter,
779 2133 803 2191 si
814 2148 871 2192 uon
881 2129 1071 2206 sterilitatem,

74 2213 175 2275 etmala
193 2214 348 2278 sterilitatis
364 2215 509 2276 exturbat:
527 2213 592 2292 bio,
612 2217 637 2278 si
650 2233 707 2276 non
721 2213 941 2292 fecunditatem,
957 2222 986 2274 at
998 2211 1073 2272 bona

75 2294 251 2360 fecunditatis
265 2299 402 2377 inportat:
416 2298 464 2358 bie
478 2297 596 2360 alternis
612 2298 816 2360 commeatibus
828 2296 975 2358 Orientem
986 2294 1072 2355 Oeni-

77 2378 242 2462 dentemque
262 2385 405 2460 ooneotit,
432 2390 463 2442 ut
477 2400 549 2460 quae
565 2381 660 2442 ferunt
674 2400 805 2462 quaeque
821 2389 959 2460 expetunt
972 2397 1072 2440 omnes

41 2459 172 2540 25geutes
195 2469 318 2528 invieem
339 2468 468 2546 eapiant,
496 2475 527 2526 et
545 2465 656 2527 diseunt
671 2475 775 2546 quanto
795 2465 927 2526 libertate
948 2461 1073 2523 discordi

76 2550 259 2611 sernentibus
274 2552 310 2612 eit
324 2551 420 2612 utilius
437 2567 522 2610 unum
536 2567 604 2613 esse
619 2553 664 2610 oui
677 2551 811 2611 serviant.
836 2547 951 2627 Quippe
965 2547 1073 2607 ‹lisere-

75 2631 108 2691 tis
127 2635 240 2712 quidem
260 2635 342 2696 bonis
364 2634 485 2696 omnium
506 2649 557 2695 sua
572 2636 710 2714 uniusque
724 2633 759 2694 ad
776 2632 905 2711 singulos
920 2631 1006 2697 mala:
1025 2646 1073 2690 so·

78 2715 151 2777 eutis
163 2728 258 2781 ιιιιιιιι
272 2728 357 2798 atque
371 2719 519 2799 penuixtie
533 2718 709 2796 singulorum
721 2716 794 2778 mala
808 2717 843 2778 ιι
859 2716 1016 2790 neminem,
1038 2713 1074 2774 ad

78 2813 168 2863 omnes
183 2805 306 2863 omnium
321 2802 396 2864 bona
411 2803 563 2882 pertinent.
589 2801 649 2863 Sed
665 2805 728 2863 sive
743 2803 828 2862 terris
842 2800 972 2861 divinitas
986 2816 1073 2878 quae·

43 2878 133 2942 tonan
144 2887 206 2948 sive
223 2886 325 2966 uliquis
339 2887 466 2948 amnibus
483 2886 602 2964 genius,
619 2894 649 2946 et
668 2884 761 2947 solum
775 2884 845 2945 illud
862 2894 892 2946 et
910 2884 1014 2944 flumen
1030 2883 1073 2962 ip·

79 2981 133 3026 aum
146 2985 252 3047 preeor
263 2978 295 3030 ιιι
308 2969 362 3031 bae
376 2971 513 3051 principis
529 2970 703 3047 benignitate
719 2978 900 3047 contentum,
915 2967 993 3029 molli
1008 2985 1074 3044 gre·

78 3051 129 3110 mio
143 3056 249 3114 semina
264 3053 416 3133 recondat,
429 3053 614 3133 muluplieata
627 3056 768 3116 restituat.
787 3053 853 3114 Nou
864 3053 977 3132 quidem
987 3066 1073 3126 repo·

79 3135 176 3198 seimus
189 3137 289 3200 fenus:
303 3147 386 3218 putet
403 3149 497 3199 ιιιιιιιι
511 3157 578 3198 esse
589 3137 775 3217 solvendum,
791 3137 981 3214 fallacemque
990 3133 1072 3192 unius

79 3220 136 3277 anni
156 3221 238 3282 fldem
259 3223 390 3282 omnibus
409 3223 489 3282 aunis
511 3222 698 3301 omnibusque
722 3231 824 3302 postea
849 3218 973 3280 saeoulis
995 3223 1073 3276 tanto

44 3299 177 3382 senagis,
190 3308 257 3384 quia
271 3324 327 3366 nou
342 3306 498 3383 exigimus,
513 3316 644 3367 excuset.

137 3386 209 3448 Satis
231 3389 337 3450 laetum
353 3409 408 3469 qna
422 3391 526 3450 oinium
541 3406 596 3468 qua
609 3391 752 3452 sociorum
765 3387 939 3448 utilitatibus.
973 3386 1072 3446 Visum
1083 3381 1125 3445 33

80 3476 121 3526 est
134 3473 328 3548 speetaeulum
342 3473 407 3534 inde
419 3491 477 3534 non
489 3491 595 3534 enerve
606 3492 661 3534 nee
675 3473 797 3550 fluxum,
812 3488 869 3532 neo
880 3471 956 3551 quod
965 3471 1073 3530 animoa

80 3548 341 3698 vlrgrumEmolliret
364 3568 394 3619 et
414 3558 574 3636 frangeret,
602 3556 654 3618 sed
675 3555 751 3637 quod
768 3556 803 3617 ad
824 3554 943 3702 puplebra
956 3553 1074 3614 vulnera

138 3655 188 3696 ιιιι
226 3661 253 3701 ι.
