2632 4096
221 327 263 391 62
647 321 680 384 G.
699 321 797 382 PLINI

223 478 313 558 qualis
329 496 396 540 esse
412 478 516 538 debeat
536 478 673 556 princeps
694 474 842 554 pulchrum
863 471 986 551 quidem,
1003 471 1056 533 scd
1072 489 1228 534 onerosum

221 580 256 623 ac
271 579 363 643 prope
384 562 538 642 superbum
560 569 620 636 est,
642 559 756 620 laudare
776 573 847 616 vero
869 558 1003 636 optimum
1018 558 1227 636 principemus

221 664 275 726 per
288 647 344 707 boc
357 647 483 726 posteris
498 643 577 704 velut
592 661 609 702 e
625 642 744 722 specula
759 641 853 700 lumen
869 638 946 719 quod
960 649 1114 718 sequantur
1128 650 1226 700 osten·

196 730 291 793 sdere
306 728 381 788 idem
395 728 521 788 utilitatis
535 727 638 802 habet,
665 725 846 803 adrogantiae
858 723 936 784 nibil.
971 721 1045 803 (lepi
1060 733 1227 784 autemnon

221 812 394 874 mediocrem
408 811 582 890 voluptatem
596 808 691 888 quod,
706 809 781 868 bunc
796 807 898 868 librum
913 823 977 868 cum
990 809 1088 868 amicis
1103 809 1254 872 recitaret

222 896 396 973 voluissem,
412 911 468 954 non
483 910 537 971 per
551 891 716 970 codicillos,
732 909 789 952 non
805 908 859 970 per
873 890 1004 968 libellos,
1027 891 1079 950 sed
1093 893 1132 952 ‘si
1147 908 1226 951 com·

102 985 103 991 ’
221 979 344 1038 modum’
370 987 399 1038 et
419 980 455 1037 ‘si
475 975 558 1036 valde
586 980 712 1035 vacaret'
734 974 866 1035 admoniti
888 977 1049 1055 (numquam
1069 991 1156 1054 porro
1177 983 1227 1036 aut

221 1061 305 1121 valde
326 1070 409 1121 vacat
430 1060 539 1120 Itomae
560 1069 607 1119 aut
628 1057 808 1118 commodum
833 1066 878 1118 est
904 1058 1002 1119 audire
1025 1059 1224 1137 recitantem),

221 1144 395 1206 foedissimis
417 1147 534 1222 insuper
553 1143 784 1222 tempestatibus,
806 1159 860 1221 per
880 1141 995 1202 biduum
1016 1151 1223 1219 convenerunt,

223 1245 343 1308 cumque
356 1227 496 1288 modestia
509 1244 572 1287 mea
584 1228 667 1286 mem
677 1227 835 1287 recitationi
846 1226 943 1286 iacere
955 1223 1106 1305 voluisset,
1122 1233 1152 1285 ut
1163 1224 1221 1285 adi—
1233 1231 1268 1282 lo

195 1329 316 1380 scetem
336 1314 447 1372 tertium
467 1311 541 1372 diem
563 1320 728 1388 exegerunt.
759 1308 828 1369 blibi
848 1310 923 1368 bunc
943 1309 1080 1370 honorem
1098 1309 1224 1370 habitum

83 1459 87 1468 ,
181 1475 183 1480 ,
221 1405 319 1477 putem
334 1414 368 1457 an
383 1391 505 1456 studiis?
520 1393 620 1454 studiis
636 1394 728 1472 malo,
752 1411 826 1474 quae
840 1409 932 1473 prope
948 1395 1071 1454 extincta
1087 1392 1223 1453 releren-

194 1491 273 1548 6tur.
305 1476 349 1538 Ad
371 1481 416 1538 cui
437 1478 571 1538 materiae
590 1478 663 1538 banc
682 1477 858 1538 sedulitatem
872 1473 1094 1555 praestiterunt?
1117 1495 1223 1555 nempe

220 1580 303 1644 quam
317 1563 346 1623 iu
362 1571 462 1622 senatu
478 1578 611 1639 quoque,
633 1561 681 1620 ubi
694 1563 807 1641 perpeti
821 1577 943 1621 necesse
957 1569 1032 1637 erat,
1054 1563 1166 1639 gravari
1181 1570 1223 1620 ta·
1292 1605 1296 1614 .

219 1665 284 1707 men
297 1645 344 1705 rel
359 1654 466 1725 puncto
480 1645 618 1724 temporis
639 1644 818 1721 solebamus,
841 1643 959 1704 eandem
973 1660 1047 1703 nunc
1068 1652 1098 1704 et
1112 1645 1266 1723 quire-1⁵

221 1733 308 1791 citare
330 1738 360 1789 et
382 1732 429 1808 qui
450 1728 546 1790 audire
566 1727 659 1787 triduo
679 1727 768 1787 velint
788 1728 982 1804 inveniuntur,
1007 1744 1064 1787 non
1079 1730 1144 1807 quia
1160 1727 1224 1788 elo·

220 1815 354 1894 quentius
371 1831 453 1892 quam
468 1814 563 1891 prius,
586 1810 638 1872 sed
656 1813 721 1890 quia
735 1810 869 1887 liberius,
892 1809 1016 1889 ideoque
1031 1813 1115 1872 etiam
1130 1811 1223 1871 liben-

194 1901 275 1960 7tius
299 1897 439 1957 scribitur.
470 1894 600 1955 Accedet
621 1913 691 1972 ergo
712 1896 768 1955 boc
791 1911 905 1976 quoque
933 1893 1062 1954 laudibus
1083 1895 1222 1974 principis

219 1981 325 2058 nostri,
348 1978 424 2059 quod
443 1997 492 2040 res
506 1989 587 2040 antea
606 1987 662 2039 tam
676 1980 767 2039 inrisa
781 1995 864 2057 quam
878 1977 950 2040 falsa
964 1996 1038 2038 nunc
1054 1988 1084 2039 ut
1097 1995 1166 2038 vera
1181 1979 1221 2038 ita

194 2063 348 2127 Samabilis
363 2064 438 2124 lacta
452 2072 505 2123 est.
533 2061 591 2122 Sed
606 2078 662 2140 ego
679 2081 742 2122 oum
756 2061 877 2123 studium
891 2060 1062 2124 audientium
1076 2072 1135 2124 turn
1149 2061 1220 2121 iudi·
1230 2062 1267 2116 20

221 2149 294 2208 oium
308 2148 378 2207 mire
392 2147 524 2226 probari:
546 2145 728 2207 animadverti
742 2149 815 2206 enim
830 2146 1011 2208 severissima
1027 2163 1158 2225 quaeque
1171 2145 1223 2206 vel

194 2233 338 2294 lmsxime
361 2231 537 2291 satisfacere.
568 2228 682 2290 blemini
705 2228 818 2308 quidem
831 2248 877 2289 me
897 2247 954 2290 non
967 2228 1061 2290 multis
1081 2231 1222 2292 recitasse

220 2314 295 2394 quod
311 2314 439 2376 omnibus
454 2315 568 2392 scripsi,
585 2313 672 2372 nihilo
686 2317 775 2374 minus
791 2322 899 2391 umen,
916 2323 1055 2391 umquam
1069 2315 1105 2374 sit
1120 2312 1222 2373 eadem

105 2451 109 2460 .
219 2399 340 2458 omnium
357 2399 449 2459 tuone
463 2399 612 2470 sententia,
627 2397 680 2457 bac
695 2399 848 2458 severitate
863 2399 970 2457 aurium
980 2395 1082 2472 laetor,
1098 2416 1133 2457 ac
1144 2397 1222 2458 sicut

220 2482 286 2543 olim
302 2483 411 2544 theatra
425 2479 498 2542 male
512 2483 638 2542 musicos
654 2499 757 2541 cauere
769 2481 935 2556 docuerunt,
952 2482 991 2540 ita
1004 2498 1078 2540 nunc
1093 2483 1121 2540 iu
1136 2498 1220 2558 spem
1229 2483 1264 2537 25

219 2566 345 2627 adducor
358 2583 447 2645 posse
463 2565 524 2625 lieri
539 2573 570 2624 ut
584 2564 682 2624 eadem
696 2565 804 2626 tbeatra
820 2565 895 2624 bene
910 2582 1013 2625 canere
1027 2566 1154 2625 musicos
1168 2562 1221 2623 do·

177 2661 210 2714 lo
220 2660 312 2711 ceant.
335 2647 440 2711 Omnes
457 2649 531 2708 enim
547 2651 594 2727 qui
608 2648 739 2727 placendi
753 2665 838 2708 causa
852 2649 979 2708 scribunt
996 2646 1087 2727 qualia
1101 2648 1220 2727 placere

216 2734 339 2794 viderint
360 2734 494 2793 scribent.
528 2730 572 2791 Ac
586 2731 654 2791 mihi
670 2731 784 2812 quidem
799 2730 910 2793 conlido
925 2733 953 2791 in
968 2732 1024 2792 boc
1039 2749 1148 2808 genere
1162 2749 1220 2791 ma-

215 2818 305 2878 teriae
328 2816 454 2876 laetioris
475 2814 533 2874 stili
554 2825 685 2877 constare
706 2819 860 2892 rationem,
883 2832 947 2874 cum
968 2833 1002 2876 ea
1026 2817 1122 2894 potius
1145 2833 1220 2894 quae

217 2901 345 2980 pressius
362 2909 391 2959 et
405 2897 567 2960 adstrictius
591 2919 673 2979 quam
693 2899 741 2962 illa
760 2917 834 2980 quae
855 2897 971 2959 hilarius
992 2907 1021 2960 et
1043 2901 1124 2978 quasi
1138 2897 1265 2959 exul-eo

215 2986 318 3045 tentius
340 2985 443 3063 scripsi
463 2984 574 3061 possint
595 2984 686 3044 rideri
705 2985 846 3047 accersita
867 2991 896 3042 et
920 2982 1047 3044 inducta:
1073 3000 1130 3043 nou
1150 2982 1219 3043 ideo

216 3079 309 3129 tamen
331 3070 447 3145 segnius
468 3083 573 3146 precor
594 3077 624 3128 ut
653 3067 821 3147 quandoque
841 3068 936 3126 veniat
957 3067 1019 3131 dies
1040 3067 1220 3146 (utinamque

214 3155 268 3214 iam
281 3151 422 3231 veneritl)
440 3167 496 3230 quo
512 3154 633 3213 austeris
650 3151 706 3213 illis
727 3153 897 3229 severisque
911 3150 1003 3213 dulcia
1016 3151 1089 3212 baec
1103 3149 1220 3212 blanda-

92 3263 98 3276 ·
174 3251 207 3304 11
216 3255 272 3316 que
289 3235 336 3295 vel
357 3238 429 3297 iusta
449 3237 639 3314 possessione
660 3235 808 3297 decedant.
838 3234 934 3297 llabes
957 3245 1021 3296 acta
1041 3253 1105 3296 mea
1120 3233 1220 3304 tridui;

215 3321 317 3400 quibus
333 3320 455 3398 cognitis
470 3317 547 3378 rolui
569 3327 675 3380 tantum
689 3328 717 3380 te
732 3319 887 3398 voluptatis
902 3319 1050 3380 absentem
1066 3329 1095 3380 et
1109 3317 1265 3382 studio-35

213 3422 274 3463 rum
288 3405 445 3548 nonniuplet
457 3419 523 3463 meo
545 3419 665 3482 capere,
690 3413 820 3482 quantum
840 3420 979 3481 praesens
995 3405 1148 3483 percipere
1163 3418 1218 3482 po-

213 3490 329 3548 tuisses.
361 3487 388 3545 V
415 3504 442 3547 e.
