2632 4102
139 330 140 334 ’
218 315 260 380 24
510 330 559 362 ’-
618 310 797 374 'G.PLlNI

219 486 343 548 semper.
379 465 457 528 llaec
474 476 567 527 tamen
588 483 674 529 causa
690 483 791 544 magna
811 475 871 544 est,
888 465 988 526 nescio
1004 482 1038 524 an
1057 466 1144 526 iusta:
1170 467 1225 528 sed

219 569 293 630 ego,
319 559 459 630 tamquam
474 567 530 610 non
545 551 635 611 minus
649 552 723 610 insta
738 567 820 628 quam
833 566 933 627 magna
953 549 1005 626 sit,
1032 551 1156 627 grauiter
1170 551 1226 610 ira·

196 650 288 703 aecor
304 633 412 714 quoda
429 643 459 695 te
476 644 532 693 tam
547 633 593 693 din
610 633 722 694 litterae
740 631 843 694 nullae.
867 631 995 692 Exorare
1009 651 1054 693 me
1068 643 1153 711 potes
1166 651 1226 694 nno

219 719 323 796 modo,
351 720 377 778 si
391 736 466 777 nunc
483 715 584 778 saltem
598 716 732 796 plurimas
746 725 775 777 et
795 715 975 794 longissimas
992 717 1113 778 miseris.
1143 716 1226 778 llaec

220 802 287 862 mihi
304 799 366 862 sola
382 801 624 878 excusatiorem,
642 809 757 860 ceterae
772 800 861 862 falsae
876 799 1054 860 videbuntur.
1082 798 1146 861 Non
1162 809 1255 862 sums

196 886 365 952 cauditurus
383 889 451 943 ‘non
466 901 542 944 eram
552 882 673 944 Romae’
687 882 735 944 vel
751 885 931 962 ‘occupatior
944 888 1042 942 eram’
1063 881 1137 944 lllod
1148 885 1227 944 enim

221 988 276 1030 nec
292 968 319 1028 di
333 969 435 1045 sinant,
451 975 482 1028 ut
497 967 663 1027 ‘infirmion'
685 964 753 1046 lpse
768 965 804 1026 ad
818 965 1028 1046 villampartim
1043 967 1143 1028 studiis
1160 985 1227 1047 par·

220 1054 271 1112 tim
284 1050 393 1112 desidia
408 1050 498 1129 fruor,
514 1068 633 1130 quorum
647 1060 797 1130 utrumqne
811 1068 849 1113 ex
863 1053 922 1111 otio
936 1050 1070 1111 nascitur.
1098 1050 1179 1113 Vale.

657 1235 659 1240 .
693 1180 764 1242 lll.·

506 1282 533 1340 (l.
553 1281 678 1334 PLINIUS
697 1282 815 1334 NEPOTI
833 1282 893 1334 SUO
911 1281 938 1332 S.

197 1402 210 1451 1
283 1385 385 1463 llagna
398 1383 509 1446 Isaeum
524 1384 596 1446 lama
607 1394 817 1464 praecesserat,
829 1385 918 1444 maior
927 1384 1059 1445 inventus
1070 1393 1124 1444 est.
1142 1382 1226 1442 Sum-

221 1478 324 1529 maest
339 1466 469 1546 facultas,
486 1470 585 1547 copia,
601 1469 730 1530 ubertas:
748 1468 815 1529 dicit
828 1484 944 1545 semper
960 1486 998 1528 ex
1012 1477 1154 1547 tempore,
1171 1466 1227 1526 sed

222 1562 363 1629 tamquam
377 1551 423 1610 diu
438 1552 596 1631 scripserit.
629 1552 729 1613 Sermo
746 1551 888 1634 Graecus,
906 1553 990 1611 immo
1000 1551 1127 1612 Atticus:
1141 1567 1226 1629 prae·

215 1636 344 1696 -iationes
359 1643 471 1713 tersae,
485 1635 628 1712 graciles,
643 1635 761 1714 dulces,
776 1635 1036 1714 gaves-interdum
1053 1643 1081 1695 et
1097 1643 1224 1694 erectae.
1236 1643 1272 1694 15

197 1719 319 1787 nPoscit
334 1721 545 1780 controversias
564 1718 680 1799 plnres,
703 1718 874 1780 electionem
887 1718 1061 1780 auditoribus
1077 1719 1225 1798 permittit,

222 1821 310 1882 saepe
325 1805 409 1864 etiam
425 1812 539 1882 partes,
556 1805 656 1881 surgit,
674 1805 820 1881 amicitur,
844 1804 956 1882 incipit;
978 1804 1070 1864 statim
1083 1803 1175 1861 omnia
1189 1819 1226 1861 ac

222 1905 314 1965 paene
332 1889 438 1966 pariter
451 1887 486 1947 ad
500 1904 627 1964 manum,
647 1905 750 1948 sensus
771 1887 911 1948 reconditi
932 1895 1100 1962 occursant,
1122 1885 1224 1961 verba,

223 1969 275 2031 sed
291 1969 398 2047 qualia!
415 1971 543 2048 quaesita
561 1979 590 2030 et
605 1970 726 2030 exculta.
759 1970 846 2031 lllulta
857 1970 946 2030 lectio
960 1972 988 2030 in
1004 1970 1121 2048 subitis,
1136 1967 1225 2028 multa

196 2054 340 2131 ascriptio
353 2051 458 2114 elucet.
481 2052 693 2114 Prohoemiatur
704 2064 782 2133 apte,
797 2063 889 2115 narrat
905 2063 1016 2133 aperte,
1033 2061 1139 2133 pugnat
1150 2054 1274 2113 acri-20

221 2146 277 2213 tar,
294 2134 404 2214 colligit
418 2137 545 2215 fortiter,
561 2148 642 2198 omat
656 2137 793 2217 excelse,
804 2148 950 2218 postremo
965 2138 1068 2216 docet,
1086 2136 1224 2212 delectat,

221 2219 330 2288 adlicit;
351 2220 417 2300 quid
434 2223 570 2298 maxime,
595 2221 723 2283 dubites:
749 2222 850 2282 erebra
871 2214 1105 2300 ἐνθυμήματα,
1129 2220 1226 2280 crebri

222 2302 393 2382 syllogismi,
409 2306 615 2383 circumscripti
628 2314 657 2366 at
673 2306 786 2383 allecti,
803 2305 880 2384 quod
893 2304 960 2366 stilo
975 2321 1089 2384 quoque
1105 2303 1227 2380 adsequi

223 2405 354 2465 magnum
365 2397 424 2449 est:
439 2388 614 2450 incredibilis
628 2392 776 2458 memoria3
800 2391 904 2468 repetit
917 2388 1000 2449 altius
1016 2405 1089 2468 quae
1103 2387 1173 2447 dixit
1186 2405 1227 2446 ex

199 2481 370 2551 itempore,
392 2491 429 2532 ne
449 2473 540 2534 verbo
561 2473 674 2552 quidem
688 2473 799 2538 labitur.
829 2473 874 2532 Ad
888 2483 990 2534 tantam
1004 2467 1073 2546 ἕξιν
1087 2471 1182 2532 studio
1194 2480 1272 2536 etas

222 2557 428 2617 exercitatione
442 2559 663 2634 pervenitinam
677 2558 776 2618 diebus
795 2566 825 2617 et
839 2557 971 2618 noctibus
987 2554 1054 2616 nibil
1069 2553 1144 2615 alind
1154 2556 1225 2632 agit,

198 2638 292 2700 5nihil
313 2639 405 2718 audit,
427 2640 495 2701 nibil
516 2640 649 2719 loquitur.
670 2641 792 2702 llnnum
812 2641 1038 2718 sexagessimum
1053 2640 1182 2700 excessit
1195 2647 1227 2698 et

222 2722 315 2784 adhuc
330 2722 521 2788 scholasticus
537 2734 643 2786 tantum
658 2734 719 2794 est;
742 2741 798 2804 quo
812 2743 921 2804 genere
939 2724 1078 2794 bominum
1093 2721 1162 2781 nibil
1177 2730 1227 2781 aut

1236 1230 1273 1282 10

222 2807 361 2867 sincerius
377 2816 424 2868 aut
443 2809 599 2888 simplicius
621 2817 668 2868 aut
687 2808 798 2870 melius.
827 2807 888 2869 Nos
904 2810 977 2868 enim
992 2808 1039 2887 qui
1053 2809 1081 2866 in
1095 2806 1158 2866 loro
1174 2824 1226 2864 ve-

221 2891 319 2968 risque
335 2888 431 2952 litibus
445 2894 563 2952 terimur
577 2891 693 2952 multum
712 2891 851 2970 malitiae,
870 2894 996 2971 quamvis
1016 2891 1154 2966 nolimus,
1174 2888 1273 2949 sd-ao

194 2972 365 3038 edecimes.
400 2974 507 3037 Schola
520 2985 550 3037 et
564 2975 730 3038 auditorium
744 2986 774 3037 et
788 2976 854 3037 licta
876 2993 961 3037 causa
977 2994 1025 3037 res
1046 2974 1160 3036 inermis
1182 2975 1224 3032 in-

221 3059 305 3117 noxia
320 3065 382 3135 est,
403 3077 459 3119 nec
473 3061 563 3120 minus
579 3058 664 3137 felix,
686 3060 803 3122 senibus
820 3061 996 3139 praesertim.
1025 3055 1179 3136 Numquid
1194 3057 1226 3115 in

197 3149 213 3204 7
221 3150 372 3202 senectute
383 3141 498 3204 ielicius
508 3160 591 3223 quam
606 3142 682 3221 quod
693 3143 884 3207 dulcissimum
898 3154 943 3206 est
956 3145 985 3203 in
998 3139 1133 3203 inventa?
1148 3139 1225 3214 Qua·

221 3243 253 3285 re
268 3241 324 3303 ago
344 3223 456 3286 lsaeum
470 3243 527 3286 non
548 3227 763 3288 disertissimum
778 3237 884 3288 tantum
900 3228 1097 3288 verumetiam
1118 3225 1225 3285 beatis-

222 3309 322 3368 simum
343 3309 454 3387 iudico,
478 3329 563 3390 quem
578 3319 609 3371 tu
626 3313 680 3371 nisi
696 3327 876 3390 cognoscere
894 3312 1096 3388 concupiscis,
1118 3317 1271 3371 saxeus-’ss

197 3391 393 3471 Biemeusque
406 3412 448 3454 es.
479 3393 600 3454 Proinde
622 3395 647 3454 si
661 3412 716 3474 non
734 3396 772 3456 ob
788 3395 841 3455 alia
851 3412 963 3474 nosque
978 3397 1075 3474 ipsos,
1091 3391 1127 3452 ad
1143 3401 1225 3452 certe

221 3483 251 3536 ut
265 3474 341 3535 bunc
357 3476 472 3556 arrdias,
486 3479 562 3538 vent.
584 3476 778 3557 Numquamne
794 3479 891 3557 legisti
907 3478 1070 3539 Gaditanum
1084 3476 1226 3555 quendam

221 3555 276 3617 Titi
294 3557 354 3619 biri
379 3562 492 3620 nomine
512 3559 661 3641 gloriaque
683 3572 853 3624 commotum
878 3563 913 3624 ad
935 3561 1084 3624 visendum
1104 3578 1169 3621 curn
1187 3559 1225 3620 ab
