2632 4102
407 749 815 862 lutulento.

520 959 705 973 m

137 1082 240 1175 Novem
257 1120 414 1190 epistudamm
435 1121 510 1177 libros
527 1119 628 1176 aPlinio
647 1120 725 1176 editos
743 1135 797 1176 esse
810 1129 909 1178 anctore
927 1129 1022 1180 constat
1039 1121 1138 1181 Sidonio

67 1204 212 1278 Apollinari,
231 1204 271 1276 qui
290 1205 360 1274 epist.
371 1205 419 1270 lx,
437 1209 452 1260 l
471 1203 574 1260 ‘addis’
585 1205 663 1276 inquit
674 1204 719 1259 ‘et
734 1219 818 1260 causas
833 1205 920 1276 quihus
934 1205 975 1262 hio
990 1206 1051 1263 liber
1061 1224 1138 1264 nonus

66 1299 126 1347 octo
138 1289 287 1360 superiorum
297 1289 460 1344 uoluminibus
471 1289 608 1353 adcrescat,
630 1288 694 1360 quod
705 1287 733 1344 C.
744 1287 885 1354 Secundus,
907 1291 976 1346 euius
993 1307 1037 1348 nos
1049 1292 1138 1348 orbitas

66 1375 137 1448 sequi
152 1373 200 1434 hoe
208 1387 279 1444 opere
297 1374 450 1443 pronuntias.
472 1371 569 1444 paribus
585 1371 661 1428 titulis
678 1387 739 1444 opus
756 1373 884 1444 epistulare
905 1373 1070 1430 determinet?
1093 1375 1137 1432 oh-

66 1465 161 1516 scurata
186 1463 266 1512 numm
283 1458 399 1528 proximis
414 1473 428 1512 a
444 1455 545 1512 Sidonio
566 1456 668 1512 saeculis
685 1455 770 1512 harum
790 1457 946 1528 epistularum
962 1459 1079 1516 memoria
1094 1459 1137 1516 de·

68 1543 134 1599 cinno
153 1541 249 1597 saeculo
270 1541 315 1596 tn'a
332 1543 463 1598 extiterunt
479 1540 624 1611 exemplaria
641 1555 698 1595 enm
707 1542 824 1613 scriptura
830 1541 958 1600 uerborum
968 1550 1022 1599 tum
1032 1543 1136 1614 disposi-

66 1629 136 1683 tione
146 1626 300 1696 epistularum
311 1626 458 1698 aliquantum
469 1624 532 1680 inter
541 1639 568 1679 se
579 1625 709 1680 dissimilia.
731 1640 746 1680 e
764 1625 851 1698 qubus
868 1627 1044 1698 exemplaribus
1060 1643 1136 1683 unum

67 1711 200 1785 genuinum
216 1724 304 1764 nouem
320 1709 436 1766 librorum
448 1723 588 1774 numerum,
610 1709 653 1764 sed
670 1707 815 1765 membranis
825 1711 916 1782 aliquot
927 1725 985 1766 casu
995 1712 1137 1782 intereeptis

66 1796 199 1860 minutum,
222 1801 372 1857 semauerat;
395 1795 496 1849 alterum
508 1801 593 1849 octauo
607 1792 668 1848 libro
686 1793 790 1858 omisso,
811 1809 876 1850 nono
897 1809 940 1866 pro
952 1802 1037 1852 octavo
1049 1796 1136 1866 posito,

67 1880 165 1935 turbato
178 1884 304 1949 praeterea
314 1878 339 1932 in
351 1879 435 1950 quinto
447 1885 471 1933 et
482 1878 507 1934 in
517 1877 603 1932 ultimo
614 1877 676 1932 libro
693 1877 850 1948 epistularum
866 1878 963 1944 ordine,
985 1885 1041 1934 octo
1063 1879 1137 1936 libros

68 1963 190 2024 exhihuitz
211 1962 309 2016 tertium
319 1961 422 2034 denique
439 1961 514 2018 libros
524 1970 638 2033 quattuor
654 1961 745 2032 primos
761 1976 818 2016 eum
833 1977 877 2017 sex
893 1963 975 2032 primis
989 1963 1044 2018 libri
1061 1964 1137 2036 quinti

68 2048 177 2119 epistulis
188 2045 402 2116 complectebatur.
424 2053 546 2118 praeterea
558 2051 639 2101 autem
650 2045 715 2101 ineo
727 2045 812 2101 codice
823 2047 900 2118 quarti
912 2047 966 2102 libri
983 2048 1087 2118 epistula
1101 2048 1137 2102 vi·

67 2133 157 2187 cesima
169 2130 271 2201 septima
281 2130 370 2186 omissa
386 2137 448 2186 erat:
470 2131 534 2186 uude
545 2129 911 2201 euasitnurnerusepistularum
922 2139 1028 2186 centnm.
1050 2131 1136 2188 exhac

65 2217 143 2288 igitur
152 2216 227 2286 stirpe
237 2230 292 2270 eum
304 2215 390 2285 triplex
401 2213 517 2270 librorum
528 2229 606 2288 genus
617 2229 665 2286 quo
675 2215 796 2284 posterior
806 2221 870 2269 aetas
884 2229 928 2270 usa
940 2223 977 2270 eet
988 2230 1135 2288 propagare·

64 2308 121 2364 tur.
139 2315 188 2354 non
199 2299 271 2353 simnd
281 2299 380 2355 diversis
389 2299 505 2370 exemplis
515 2299 629 2370 descripti
641 2298 737 2354 codices
753 2294 930 2374 apparuemnt,
951 2299 995 2354 sed
1013 2299 1135 2370 paullatim

65 2384 113 2439 alio
124 2399 214 2456 genere
225 2383 458 2454 poetaliudreperto
469 2384 595 2439 nmiuersus
606 2383 762 2454 epistularum
772 2398 888 2438 numerus
899 2384 924 2438 in
935 2384 1016 2438 lucem
1027 2384 1124 2454 prodiit.

128 2467 190 2522 Nam
207 2482 264 2522 cum
280 2475 335 2537 post
345 2481 399 2522 eam
409 2482 506 2540 quoque
516 2475 619 2524 aetatem
630 2481 702 2538 quana
713 2465 762 2522 dixi
774 2482 788 2522 a
798 2467 881 2537 paucis
892 2466 962 2522 Plinii
975 2467 1091 2536 epistulae
1101 2466 1135 2521 le

66 2559 194 2625 gerentur,
210 2552 314 2622 primum
325 2551 421 2624 reliquis
432 2551 527 2608 duobus
540 2551 671 2625 generibus
680 2550 810 2606 latentibus
821 2551 929 2606 centuria
940 2550 1095 2621 epistularum
1106 2565 1134 2605 ex

65 2652 94 2692 eo
105 2636 216 2707 exemplo
226 2635 291 2708 quood
302 2636 373 2692 tertio
385 2636 440 2691 loro
457 2637 528 2707 posui
538 2637 610 2694 ducta
620 2634 748 2691 doctorum
764 2633 889 2690 hominum
906 2633 1016 2690 manibus
1026 2634 1136 2692 uersaba-

66 2727 114 2776 tur.
135 2721 204 2775 errius
214 2720 280 2775 modi
290 2721 374 2776 codiee
385 2721 456 2776 tertio
467 2721 562 2777 decimo
574 2721 672 2775 saeculo
682 2735 740 2774 usus
752 2726 790 2774 est
801 2719 940 2774 Vincentius
950 2717 1136 2793 bellovacensis,

64 2806 106 2876 qni
117 2805 142 2859 in
153 2803 258 2874 Speculo
270 2803 386 2860 historiali
397 2804 438 2860 lib.
449 2805 505 2860 Xe
516 2807 549 2864 67
561 2804 631 2861 Plinii
642 2803 755 2876 epistolas
766 2804 796 2860 ad
807 2803 913 2860 diversos
924 2802 1020 2858 circiter
1038 2811 1136 2858 eentum

64 2903 92 2942 se
102 2889 238 2960 repperisse
247 2889 280 2944 ait
290 2897 315 2944 et
327 2887 429 2960 ‘paucos
441 2889 514 2946 dores
525 2905 556 2945 ea
567 2889 638 2944 huius
647 2889 756 2960 epistolis
767 2887 907 2958 excerptos’
918 2903 980 2960 quos
990 2887 1094 2942 subiecit
1105 2902 1136 2942 ex

64 2972 103 3026 his
124 2973 184 3044 ipsis
205 2979 303 3028 rentum
330 2974 438 3046 epistulis
459 2975 555 3046 petiuit.
578 2988 668 3048 eosque
690 2973 722 3027 ita
744 2980 895 3044 comparatos
917 2979 944 3026 ut
962 2987 992 3026 ex
1008 2971 1135 3026 uerborum

5 3079 9 3086 ·
64 3057 184 3128 scriptura
194 3072 251 3112 oum
261 3057 327 3112 libris
338 3074 410 3114 mauu
420 3059 516 3129 scriptis
526 3074 629 3130 quorum
639 3057 711 3113 hodie
723 3058 792 3129 eopia
803 3057 866 3112 iacta
877 3063 914 3112 est
925 3055 1013 3112 collata
1023 3055 1134 3126 intellegi

65 3142 141 3212 possit
155 3141 185 3197 ad
203 3142 226 3198 id
241 3157 319 3214 genus
335 3143 398 3214 quod
409 3142 459 3199 dini
469 3143 588 3198 vincentii
606 3143 715 3198 codicem
734 3142 885 3214 pertinuisse.
916 3139 1034 3195 habemus
1055 3146 1136 3194 autem

65 3225 136 3280 hnim
146 3226 229 3296 stirpis
240 3233 326 3282 testem
332 3225 450 3282 limceutii
460 3235 538 3282 aetate
549 3227 670 3299 aliquanto
681 3227 829 3296 superiorem
840 3225 1003 3280 Florentinum
1015 3223 1134 3288 codicem,

5 3297 9 3306 ¹
66 3325 137 3381 quiem
149 3309 174 3364 in
185 3310 330 3367 bibliotheca
340 3309 497 3366 Lamenmua
511 3313 574 3366 inter
591 3326 633 3366 eos
651 3310 725 3365 libros
735 3310 776 3382 qui
787 3311 844 3364 illuc
855 3325 869 3364 e
880 3306 1026 3364 bibliotheca
1037 3305 1135 3362 Floren-

65 3394 113 3448 tiua
124 3392 151 3448 S.
162 3393 249 3460 Marci.
261 3395 330 3450 euius
340 3395 398 3450 olim
408 3395 454 3450 huit
464 3410 565 3450 nomem
575 3396 627 3451 284
638 3401 748 3458 notatus,
760 3394 860 3449 travecti
870 3393 973 3448 neudum
986 3391 1135 3446 innumeros

65 3479 131 3534 relati
152 3485 211 3534 sont
233 3479 320 3535 inveni.
342 3479 457 3551 isigitnr
473 3487 511 3534 est
527 3478 724 3534 membranaceas
739 3479 816 3533 iornta
834 3477 948 3549 quadrata
959 3476 1068 3540 minore,
1089 3473 1135 3530 sub

66 3561 135 3618 inem
146 3565 238 3620 soeculi
249 3563 351 3626 decimi.
372 3570 400 3618 ut
410 3562 469 3618 mihi
479 3563 618 3629 uidebatur,
638 3563 664 3618 in
677 3561 803 3618 Germania
812 3561 926 3631 scriptus.
940 3575 1012 3678 *nam
1025 3565 1050 3613 et
1060 3559 1136 3628 scrip·

915 3659 930 3692 a
