2616 4096
392 302 787 368 subtitulamus
1033 306 1095 371 159

93 473 161 516 nem
177 456 334 535 praepositi
348 473 442 516 rerum
456 456 518 516 eius
534 474 619 516 curae
633 465 769 536 possent,
793 468 822 519 et
836 456 967 519 Pallantis
982 468 1095 538 specta·

93 541 204 601 tissima
219 540 291 600 lides
306 537 398 617 adque
412 541 573 600 innocentia
587 539 721 618 exemplo
731 558 889 619 provocare
904 541 1025 602 studium
1038 552 1094 602 tam

94 623 235 684 honestae
247 621 440 684 aemulationis
449 632 561 701 posset,
576 641 691 702 eaquae
701 622 737 682 X.
750 621 811 685 Kal.
827 623 1005 700 Febmarias,
1021 642 1094 703 quae

94 708 241 786 proximae
255 706 393 784 luissent,
414 708 442 766 in
460 705 634 784 amplissimo
650 707 750 767 ordine
763 709 885 785 optimus
899 709 1034 786 princeps
1048 725 1094 767 re·

65 792 215 850 tacitasset
231 799 403 868 senatusque
421 789 550 850 consulta
571 790 606 850 de
621 791 655 850 iis
670 790 757 850 rebus
773 790 847 851 lacta
864 793 892 851 in
906 809 972 852 aere
987 791 1094 851 incide·

92 881 204 950 rentur,
222 871 307 951 idque
321 890 370 932 aes
386 873 522 949 figeretur
536 872 571 932 ad
585 881 703 934 statuam
714 873 859 935 loricatam
871 873 926 934 divi
937 872 1022 934 lulii’.
1042 873 1093 934 l'a·
1102 882 1136 938 14

93 974 157 1016 rum
169 957 261 1016 visum
274 964 411 1016 tantorum
428 955 600 1017 dedecorum
616 975 683 1017 esse
698 959 802 1017 curiam
822 966 940 1019 testem:
963 957 1093 1018 delectus

94 1048 142 1101 est
157 1037 362 1100 celeberrimus
375 1038 474 1115 locus,
489 1040 518 1100 in
533 1057 590 1118 quo
603 1039 726 1118 legenda
741 1042 957 1119 praesentibus,
972 1041 1095 1119 legenda

93 1123 198 1184 mtnris
213 1121 410 1202 proderentur.
438 1121 547 1182 Placuit
561 1141 628 1183 aere
646 1125 749 1200 signari
764 1140 863 1184 omnes
877 1124 1001 1185 honores
1016 1126 1095 1186 lasti·

50 1219 86 1273 ιο
95 1205 249 1268 diosissimi
260 1207 401 1284 mancipii,
417 1223 548 1286 quosque
563 1205 742 1286 repudiasset
757 1224 898 1286 quosque,
915 1217 1046 1286 quantum
1060 1207 1095 1268 ad

95 1289 278 1350 decernentis
293 1290 428 1369 pertinet,
443 1291 594 1367 gessisset.
621 1287 714 1349 Incisa
727 1298 756 1350 et
769 1288 910 1369 insculpta
924 1300 988 1352 sunt
1003 1289 1095 1370 publi-

96 1374 139 1432 cis
155 1375 335 1452 aeternisque
350 1374 536 1434 monumentis
552 1373 693 1451 praetoria
708 1383 869 1434 omameuta
883 1372 1032 1450 Pallantis,
1051 1375 1095 1434 sic

96 1457 178 1534 quasi
191 1454 309 1516 foedera
324 1457 446 1534 antiqua,
461 1458 504 1516 sic
519 1457 599 1534 quasi
613 1473 712 1516 sacrae
726 1456 819 1534 leges.
842 1455 929 1518 Tanta
946 1459 1092 1538 principis,
1103 1473 1136 1525 15

96 1547 172 1599 tanta
193 1547 326 1616 senatus,
351 1548 427 1600 tauta
447 1537 578 1601 Pallantis
600 1541 689 1617 ipsius
719 1575 752 1586 -
779 1541 845 1619 quid
867 1541 957 1602 dicam
980 1543 1091 1617 nescio,

51 1629 86 1682 15
96 1623 178 1701 quusi
188 1622 298 1683 vellent
317 1624 346 1683 in
360 1622 452 1684 oculis
468 1626 590 1682 omnium
611 1624 675 1700 ligi,
698 1622 789 1684 Pallas
809 1623 986 1686 insolentiam
1004 1642 1093 1700 suam,

93 1708 258 1786 patientiam
274 1704 396 1783 Caesar,
417 1703 599 1767 humilitatem
613 1717 737 1768 senatus.
767 1706 830 1768 llec
846 1708 944 1786 puduit
958 1710 1095 1768 rationem

94 1789 259 1868 turpitudini
283 1789 457 1867 obtendere,
487 1791 633 1867 egregiam
655 1790 768 1867 quidem
789 1790 991 1870 pulchramque
1010 1793 1094 1851 ratio·

94 1890 179 1950 nem,
194 1881 225 1933 ut
244 1871 377 1951 exemplo
396 1871 529 1933 Pallantis
545 1873 731 1950 praemiorum
746 1873 781 1934 ad
798 1874 919 1935 studium
933 1874 1094 1935 aemulatio*

94 1958 140 2018 nis
165 1958 256 2016 ceteri
275 1965 510 2034 provocarentur.
545 1955 588 2016 lla
608 1955 747 2016 honorum
766 1958 859 2018 vilitas
882 1968 959 2035 erat,
982 1957 1094 2019 illorum
1104 1975 1136 2029 16

48 2041 180 2100 ucetiam
196 2055 268 2119 quos
283 2037 374 2100 Pallas
393 2057 450 2100 non
465 2038 676 2116 dedignabatur.
706 2039 924 2102 Inveniebantur
936 2053 1029 2103 tamen
1043 2042 1094 2101 bo-

94 2132 180 2184 nesto
200 2121 267 2182 loco
287 2124 342 2183 nati
364 2125 411 2202 qui
433 2131 565 2202 peterent
587 2133 781 2202 cuperentque
803 2126 879 2205 quod
900 2125 957 2186 dari
977 2126 1093 2201 liberto,

94 2207 222 2286 promitti
237 2208 329 2266 servis
340 2206 483 2266 videbant.
504 2205 594 2278 Quam
608 2208 684 2267 iuvat
698 2208 774 2286 quod
788 2210 816 2268 iu
831 2219 958 2289 tempora
973 2209 1021 2269 illa
1035 2226 1092 2269 non
1104 2223 1136 2278 17

94 2289 199 2364 incidi,
221 2306 339 2368 quorum
354 2290 397 2350 sic
411 2307 456 2349 me
473 2299 611 2369 tamquam
626 2288 683 2350 illis
701 2293 819 2351 vixerim
840 2292 941 2371 pudet!
963 2291 1028 2352 Non
1043 2290 1092 2350 du·

95 2373 157 2433 bito
174 2372 303 2434 similiter
318 2372 400 2433 adlici
414 2383 452 2434 te.
485 2373 553 2432 Scio
573 2391 655 2451 mam
675 2375 712 2434 sit
732 2375 782 2435 tibi
803 2377 885 2436 vivus
905 2385 935 2436 et
955 2377 1094 2453 ingenuus

50 2458 219 2526 toanimus3
236 2455 302 2517 ideo
318 2455 428 2517 facilius
442 2465 487 2517 est
501 2465 532 2516 ut
546 2473 608 2533 me,
624 2473 789 2535 quamquam
804 2459 1023 2536 indignationem
1034 2459 1094 2537 qui·

95 2539 214 2600 busdam
226 2541 256 2599 in
271 2538 343 2600 locis
358 2539 482 2601 fortasse
496 2538 569 2599 ultra
583 2538 723 2617 epistulae
738 2541 851 2601 modum
866 2540 1030 2619 extulerim,
1046 2559 1094 2619 pa·

94 2641 156 2685 rum
172 2622 299 2684 doluisse
316 2641 398 2704 quam
411 2625 492 2683 nimis
509 2621 620 2684 credas.
650 2621 733 2683 Vale.

53 2877 90 2932 ,0
383 2854 410 2905 c.
428 2853 552 2906 nnrnms
564 2754 685 2904 bblbmu
701 2851 761 2904 suu
780 2852 807 2904 c.

157 2954 260 3034 Neque
275 2964 306 3017 ut
321 2957 456 3033 magistro
470 2957 606 3033 magister
625 2971 720 3034 neque
736 2962 768 3013 ut
783 2953 923 3033 discipulo
938 2954 1094 3034 discipulus
1108 2967 1120 3019 t

96 3038 156 3118 (sic
167 3041 242 3100 enim
253 3039 383 3118 scribis),
399 3039 451 3100 sed
466 3049 496 3100 ut
511 3038 652 3118 discipulo
662 3039 798 3116 magister
810 3038 888 3116 (nam
903 3047 934 3098 tu
948 3039 1093 3116 magister,

95 3139 153 3201 ego
166 3131 279 3191 contra;
294 3121 386 3200 adque
401 3121 472 3182 adeo
487 3132 517 3183 tu
529 3125 558 3183 in
572 3120 699 3184 scholam
710 3138 848 3200 revocas,
865 3138 922 3199 ego
939 3120 1032 3180 adhuc
1045 3119 1095 3181 Sa·

96 3205 215 3267 mmalia
229 3205 372 3284 extendo)
387 3204 488 3265 libmm
502 3207 612 3267 misisti.
640 3205 714 3265 llum
728 3205 806 3284 potui
820 3203 934 3282 longius
952 3202 1121 3282 hupeubat

51 3301 86 3356 35
95 3297 144 3350 ton
157 3288 256 3350 lacere
271 3289 363 3368 adque
377 3287 433 3349 hoc
444 3291 508 3368 ipso
524 3290 646 3368 probare
662 3306 727 3349 eum
741 3305 807 3349 esse
822 3305 868 3348 me
881 3287 928 3366 qui
943 3303 999 3346 non
1010 3286 1094 3346 modo

94 3374 233 3452 magister
245 3381 310 3433 tuus
326 3371 379 3434 sed
394 3391 431 3432 ne
446 3373 602 3453 discipulus
619 3372 733 3452 quidem
747 3371 867 3432 debeam
881 3366 958 3430 dici?
983 3368 1096 3430 Sumam

95 3465 190 3518 tamen
201 3473 352 3534 personam
366 3457 492 3535 magistri
509 3473 696 3536 exseramque
711 3457 739 3514 in
753 3454 853 3514 libmm
867 3463 945 3516 tuum
957 3453 1002 3514 ius
1018 3451 1096 3531 quud
