2632 4096
333 300 595 363 EPISTULARUM
617 302 665 363 VI.
688 311 732 367 at.
746 312 788 366 28.
805 311 848 367 29.
1039 303 1098 367 127

99 453 237 531 nuntiavi,
253 455 277 513 si
292 472 390 514 mrsus
405 464 461 516 tam
476 454 562 515 multa
577 455 754 532 attulissent,
771 457 863 515 omnia
876 453 1028 516 relaturos.
1049 455 1126 523 lsi-s

100 554 147 598 oes
166 546 302 618 oportere
323 540 437 599 metuis
456 539 543 598 rebus
563 548 593 598 ut
613 540 685 600 meis
705 542 761 599 uti:
786 541 883 608 etiam;
908 538 961 599 sed
980 540 1100 619 perinde

99 620 151 682 ullis
165 638 199 681 ao
214 623 286 683 meis
300 640 399 702 pareo.
434 621 514 682 Vale.

520 754 663 816 xxviiii.

344 853 372 907 o.
391 853 519 906 ausuros
537 853 713 915 ousoasro
732 853 792 906 suo
812 853 839 904 s,

76 799 90 849 b

152 956 271 1017 Avidius
294 956 431 1036 Quietus,
454 961 501 1038 qni
522 976 567 1018 me
587 961 672 1018 unios
687 958 800 1034 dilexit,
817 967 845 1017 et
866 974 922 1037 quo
937 975 993 1018 non
1008 959 1121 1026 minus1

97 1040 216 1119 gaudeo,
232 1042 375 1119 probavit,
390 1051 421 1101 ut
435 1041 521 1102 multa
535 1040 588 1102 alia
609 1040 751 1102 Thraseae
769 1040 837 1118 (fuit
851 1043 925 1101 enim
938 1041 1097 1120 familiaris)

14 1149 16 1154 ’
97 1126 132 1185 ita
145 1125 199 1184 boo
213 1143 305 1204 saepe
320 1124 480 1202 referebat,
503 1128 672 1205 praecipere
687 1124 802 1186 solitum
815 1126 1012 1203 suscipiendas
1030 1143 1098 1186 esse

64 1211 192 1270 l⁰oansas
207 1218 257 1270 aut
272 1210 424 1268 amiuomm
443 1217 490 1268 aut
505 1209 652 1270 destitutas
669 1217 717 1268 aut
730 1207 766 1268 ad
778 1209 939 1287 exemplum
953 1209 1097 1287 pertiuen-

97 1302 146 1353 tes.
181 1291 240 1354 Gur
253 1294 420 1371 amisorum,
441 1310 498 1353 non
513 1301 583 1371 eget
597 1293 843 1371 interpretatione:
864 1310 914 1351 eur
928 1289 1123 1358 destitutusla

98 1377 169 1455 quod
183 1379 212 1436 in
226 1375 284 1436 illis
299 1378 417 1437 maxime
437 1387 467 1437 et
482 1377 638 1437 constantia
652 1377 763 1453 agentis
779 1386 809 1437 et
826 1377 980 1436 hmnunitas
997 1393 1097 1436 oerne-

97 1470 182 1521 retur:
204 1478 258 1520 eur
281 1463 447 1539 pertinentis
469 1460 504 1521 ad
519 1456 702 1540 exemplum?
725 1461 790 1539 quia
808 1459 957 1538 plurimum
976 1459 1098 1520 referret

97 1543 194 1604 bonum
208 1563 245 1604 an
260 1543 363 1605 malum
373 1544 563 1605 indueeretur.
597 1543 642 1604 Ad
658 1543 731 1604 baee
746 1561 803 1622 ego
818 1562 925 1622 genera
940 1557 1123 1621 oausarnnus

63 1631 89 1684 lt
97 1629 240 1689 ambitiose
256 1627 396 1707 fumasse,
420 1627 518 1689 addam
532 1638 624 1688 tamen
639 1627 729 1688 elaras
746 1638 775 1689 et
791 1627 934 1688 inlustres.
967 1626 1098 1707 Aequum

97 1721 139 1772 est
152 1713 225 1772 enim
240 1729 329 1789 agere
348 1729 405 1772 uon
426 1730 575 1792 numquam
595 1711 705 1790 gloriae
728 1710 882 1789 etiamne,
904 1712 997 1772 idest
1018 1729 1098 1772 suum

97 1813 214 1856 oausam.
245 1794 306 1854 llos
322 1798 474 1874 terminos,
491 1797 556 1874 qnia
570 1814 616 1855 me
631 1794 808 1872 consuluisti,
824 1795 951 1872 dignitati
964 1812 999 1854 ae
1013 1811 1094 1855 vere·

96 1879 209 1939 eundiae
225 1889 292 1939 tuas
308 1889 410 1940 statuo.
438 1879 502 1940 Nee
515 1898 561 1939 me
577 1881 713 1957 praeterit
729 1897 810 1939 usum
826 1886 855 1938 et
870 1896 937 1940 esse
954 1887 983 1938 et
999 1878 1122 1944 haberis

96 1965 225 2040 optimum
242 1961 354 2023 dieendi
368 1965 546 2042 magistmm:
560 1964 645 2024 video
658 1964 740 2024 etiam
752 1961 856 2023 multos
869 1979 957 2041 parvo
969 1963 1095 2041 ingenio,

61 2045 192 2108 lolitteris
206 2045 303 2122 nullis,
319 2056 350 2107 ut
364 2049 439 2109 bene
454 2057 572 2126 agerent
584 2047 695 2126 agendo
711 2054 892 2108 oonseontos.
916 2046 975 2107 Sed
987 2056 1016 2107 et
1027 2046 1122 2114 illud5

96 2131 167 2209 qnod
184 2130 232 2192 vel
248 2128 373 2192 Polionis
388 2130 436 2192 vel
451 2141 591 2209 tamqnam
604 2130 729 2192 Polionis
744 2132 845 2210 aesopi
859 2132 1036 2191 verissimum
1047 2148 1096 2191 ex-

97 2217 204 2293 perior,
220 2215 384 2274 ‘commodo
399 2215 511 2294 agaimo
526 2214 631 2276 laetum
645 2224 735 2275 estut
750 2232 838 2293 saepe
856 2232 989 2293 agerem,
1008 2232 1096 2292 saepe

97 2299 205 2375 agendo
220 2307 253 2358 ut
269 2300 358 2357 minus
373 2298 556 2359 commode’:
572 2302 636 2378 quia
651 2299 762 2360 seilieet
777 2297 943 2359 adsiduitate
957 2299 1041 2357 nimia
1055 2297 1097 2357 ia·

97 2381 185 2445 eilitas
201 2383 292 2460 magis
308 2400 389 2461 quam
404 2382 540 2460 iaoultas,
562 2401 617 2444 nee
633 2381 734 2442 bdueia
748 2383 801 2443 sed
815 2383 960 2442 temeritas
975 2389 1096 2460 paratur.

61 2463 155 2526 tonse
169 2483 242 2527 vero
259 2465 378 2526 lsoorati
393 2468 555 2547 quominus
575 2467 727 2527 haberetur
739 2482 863 2526 summus
883 2474 979 2525 orator
999 2464 1121 2533 olieoite

96 2549 167 2628 quod
187 2551 347 2610 infirmitate
368 2551 467 2628 vonis,
490 2549 607 2610 mollitia
620 2549 737 2626 frontis,
760 2567 797 2608 ne
812 2551 841 2608 in
855 2547 971 2627 publioo
986 2548 1096 2609 diceret

97 2634 297 2712 inpediebatur.
327 2633 448 2694 Proinde
469 2633 585 2694 multum
604 2632 673 2712 lege
694 2632 789 2694 soribe
811 2631 964 2708 meditare,
982 2641 1013 2692 ut
1027 2648 1096 2709 pos·

97 2717 150 2796 sis,
167 2736 232 2778 oum
247 2716 347 2795 uoles,
370 2718 480 2788 diaere;
500 2717 597 2796 dices,
621 2735 684 2778 uum
699 2715 777 2777 velle
793 2715 922 2776 debebis.
956 2713 1019 2776 lloe
1033 2715 1096 2776 iere

97 2809 344 2881 temperamentum
359 2803 423 2880 ipse
439 2803 560 2864 servavi.
587 2799 651 2861 Nou
666 2818 815 2879 numquam
824 2801 1007 2878 necessitati,
1023 2810 1120 2880 quaet

61 2884 160 2962 ibpurs
180 2886 296 2945 rationis
318 2894 380 2964 est,
402 2888 490 2964 parui.
521 2884 578 2965 Egi
599 2887 673 2958 enim
694 2885 827 2965 quasdam
841 2903 857 2945 a
871 2894 971 2945 senatu
989 2887 1094 2964 iussus,

98 2986 149 3046 quo
165 2979 259 3030 mmen
273 2970 301 3028 in
316 2987 434 3030 numero
450 2971 562 3031 inerunt
582 2989 620 3031 ex
640 2969 688 3030 illa
703 2968 846 3031 Thraseae
862 2969 1017 3048 divisione,
1040 2969 1096 3031 boe

98 3061 140 3112 sst
160 3052 195 3112 ad
218 3053 380 3132 exemplum
397 3057 581 3132 pertinentes.
609 3054 695 3114 Adfui
710 3053 833 3115 baeticis
850 3063 946 3114 eontra
962 3053 1120 3119 Baebiumfl

97 3132 230 3198 ldassam:
257 3140 414 3216 quaesitum
434 3149 481 3200 est
505 3157 540 3198 an
560 3138 649 3199 danda
668 3147 748 3199 esset
767 3138 925 3216 inquisitim
953 3134 1015 3196 data
1040 3146 1094 3197 est.

98 3217 179 3278 ddlui
195 3238 292 3282 rursus
314 3221 403 3282 isdem
419 3222 604 3302 querentibus
622 3221 658 3282 ds
673 3220 801 3282 Gaeeilio
816 3219 962 3281 classico:
985 3221 1096 3297 quaesi·

62 3306 155 3362 litum
177 3314 223 3365 est
244 3322 278 3364 un
299 3305 490 3383 provinciales
517 3314 546 3365 ut
575 3307 673 3366 soeios
694 3307 894 3381 ministrosque
913 3302 1095 3381 proconsulis

99 3384 183 3464 plsoti
200 3398 360 3467 oporteret;
381 3407 490 3468 poenas
510 3387 632 3449 lusmnt.
665 3389 808 3448 Aoousavi
825 3385 942 3445 blasium
956 3384 1122 3463 Priscum‚9

99 3471 160 3549 qui,
183 3471 250 3550 lege
269 3474 487 3552 repetundarum
508 3473 669 3551 damnatus,
690 3473 820 3533 utebatur
839 3469 988 3530 elementia
1008 3470 1094 3548 legis,

100 3555 178 3617 ouius
197 3557 378 3618 severitatem
398 3558 558 3618 inmanitate
580 3559 726 3618 eriminum
747 3563 927 3624 exoesserat;
949 3553 1093 3632 relegatus
