2616 4096
228 285 290 350 lae
655 283 690 346 (i.
710 282 807 346 Pbllll

228 439 376 500 suaserim.
406 438 444 502 Ut
459 439 532 499 enim
547 447 640 498 terrae
657 438 743 497 variis
759 438 930 516 mutatisque
945 435 1114 511 seminibus,
1137 435 1178 496 ita
1191 437 1230 495 in·

201 525 311 602 8genia
325 531 422 584 nostra
437 541 511 582 nune
527 520 581 580 bac
601 539 675 582 nunc
690 520 739 580 illa
753 520 935 582 meditatione
949 518 1123 580 recoluntur.
1158 519 1230 580 Volo

228 605 370 667 interdum
383 605 507 684 aliquem
524 603 689 665 exbistoria
707 602 802 665 locum
816 601 1025 685 adprehendat,
1041 602 1109 663 volo
1124 605 1230 681 epistu-

228 690 283 750 lam
300 688 464 767 diligentius
486 687 606 749 scribas.
636 686 707 748 llam
728 705 817 766 saepe
837 690 866 747 in
886 689 1029 748 orationes
1044 704 1162 766 quoque
1177 706 1231 747 non

170 807 172 812 ·
227 774 363 834 bistorioa
377 773 462 832 modo
478 771 530 833 sed
545 789 636 851 prope
655 775 770 850 poetica
784 771 1006 851 descriptionum
1017 773 1181 832 necessitas
1192 773 1250 832 int

202 856 308 934 ecidit,
322 865 352 917 et
364 874 482 935 pressus
496 873 592 916 sermo
609 874 756 935 purusque
771 874 810 915 ex
826 855 957 934 epistulis
969 856 1084 934 petitur.
1115 853 1174 916 Fas
1190 865 1233 916 est

228 949 259 1002 et
273 941 396 999 carmine
410 941 526 1016 remitti,
541 956 598 998 non
614 938 678 999 dico
695 942 828 1000 continuo
846 948 876 999 et
889 938 977 1016 longo
992 939 1034 1017 (ic
1047 941 1122 998 emm
1133 939 1232 1017 perlici

229 1025 283 1084 nisi
299 1025 327 1082 ia
349 1023 407 1083 otio
427 1038 483 1093 non
505 1022 634 1102 potest),
657 1023 710 1084 sed
724 1023 780 1083 boc
795 1031 896 1100 arguto
912 1033 940 1082 et
955 1023 1052 1100 brevi,
1074 1022 1155 1101 quod
1169 1030 1232 1100 apte

189 1118 222 1170 10
231 1115 347 1187 quantas
356 1105 427 1166 libet
438 1108 643 1185 occupationes
656 1125 797 1186 curasque
809 1106 965 1184 distinguit.
979 1104 1070 1166 Lusus
1079 1114 1231 1173 uocantum

231 1189 284 1252 sed
299 1190 329 1250 bi
348 1190 428 1251 lusus
449 1208 505 1251 non
524 1191 662 1250 minorem
683 1190 823 1250 interdum
840 1189 960 1269 gloriam
980 1208 1062 1268 quam
1076 1192 1154 1250 seria
1170 1201 1266 1252 con-10

229 1283 400 1354 sequuntur;
423 1284 508 1352 atque
529 1273 601 1334 adeo
623 1275 691 1352 (our
712 1277 786 1334 enim
806 1283 834 1334 te
855 1273 891 1334 ad
911 1291 1014 1335 versus
1029 1290 1087 1333 non
1100 1274 1231 1335 versibus

227 1355 396 1436 adborteri)

186 1454 218 1507 ll
312 1452 342 1502 ut
359 1441 421 1500 laus
436 1450 482 1501 est
497 1459 593 1520 cerae,
610 1440 705 1502 mollis
722 1441 887 1520 cedensque
903 1449 1039 1521 sequatur

354 1526 379 1584 si
396 1524 498 1584 doctos
514 1524 618 1602 digitos
630 1527 763 1603 iussaque
781 1526 828 1584 liat
842 1543 927 1605 opus,

312 1617 340 1668 et
354 1624 428 1667 nunc
443 1607 577 1668 informet
591 1607 710 1668 Martem
724 1619 865 1670 castamve
879 1607 1044 1687 Minervam,
1238 1623 1264 1672 15

353 1709 428 1752 nunc
442 1691 584 1753 Venerem
601 1692 718 1769 effingat
735 1710 809 1752 nunc
824 1692 945 1754 Veneris
963 1710 1094 1771 puerum;

313 1784 401 1855 utque
412 1779 488 1837 sacri
502 1777 598 1837 fontes
613 1792 671 1835 non
684 1775 746 1836 sola
759 1776 889 1837 incendia
903 1779 1017 1854 sistunt,

355 1878 444 1938 saepe
460 1862 543 1920 etiam
558 1860 645 1919 dores
659 1876 805 1938 vernaque
820 1869 901 1940 prata
914 1863 1024 1920 iuvant:

312 1945 355 2002 sic
372 1943 514 2002 bominum
530 1945 672 2020 ingenium
687 1943 764 2002 flecti
780 1943 903 2023 ducique
920 1963 973 2022 per
988 1953 1065 2005 artes

354 2043 410 2086 non
423 2026 529 2103 rigidas
545 2026 629 2086 docta
643 2025 799 2086 mobilitate
814 2026 909 2088 decet.
1235 2041 1263 2094 ao

187 2119 219 2173 la
228 2108 328 2187 ltaque
343 2111 442 2168 summi
457 2120 596 2187 oratores,
611 2112 710 2170 sumrci
727 2111 811 2170 etiam
824 2112 876 2169 riri
891 2113 934 2172 sio
949 2128 982 2170 se
999 2118 1045 2169 aut
1055 2109 1229 2169 exercebant

185 2201 273 2256 13aut
288 2191 478 2270 delectabant,
490 2195 575 2252 immo
589 2193 769 2254 delectabant
784 2194 1025 2270 exercebantque.
1047 2192 1117 2253 llam
1131 2194 1228 2252 mirum

227 2286 273 2338 est
287 2284 318 2338 ut
338 2277 381 2336 bis
404 2276 551 2358 opusculis
573 2278 679 2339 animus
700 2277 859 2338 intendatur
880 2279 1046 2339 remittatur.
1076 2275 1228 2355 Recipiunt

227 2363 301 2421 enim
317 2377 446 2439 amores,
470 2359 549 2439 odia,
569 2363 642 2439 iras,
663 2361 903 2440 misericordiam,
921 2361 1121 2432 urbanitatem,
1139 2359 1229 2419 omnia

227 2443 350 2522 denique
371 2462 443 2524 quae
462 2445 491 2504 in
505 2446 562 2504 vita
579 2454 663 2523 atque
680 2445 765 2505 etiam
778 2447 810 2504 in·
824 2445 889 2505 foro
906 2447 1057 2523 causisque
1070 2452 1263 2504 venantur-25

185 2534 219 2589 14
226 2526 306 2589 Inest
325 2528 370 2590 bis
391 2546 505 2608 quoque
527 2528 627 2589 eadem
648 2546 721 2607 quae
740 2528 802 2588 aliis
818 2529 987 2590 carminibus
1001 2527 1123 2606 utilitas,
1141 2525 1227 2607 quod,

227 2614 309 2672 metri
329 2615 503 2674 necessitate
524 2612 665 2689 deiuncti,
687 2611 781 2673 soluta
798 2615 926 2674 oratione
946 2612 1083 2672 laetamur
1102 2619 1132 2671 et
1155 2607 1228 2691 quod

188 2705 219 2756 15
228 2694 340 2755 facilius
360 2715 427 2758 esse
451 2698 617 2775 conparatio
641 2695 767 2756 ostendit
788 2695 923 2757 libentius
943 2696 1102 2756 scribimus.
1134 2695 1227 2755 llsbes

226 2777 307 2856 plura
322 2781 405 2838 etiarn
418 2780 542 2840 fortasse
559 2797 641 2857 quam
654 2780 838 2858 requirebas,
856 2798 941 2840 unum
954 2788 1048 2840 tamen
1062 2780 1159 2848 omisi;
1173 2793 1227 2837 non

227 2863 301 2921 enim
316 2860 375 2921 dixi
390 2879 462 2940 quac
477 2861 601 2940 legenda
615 2863 781 2924 arbitrarer:
799 2882 965 2943 quamquam
979 2863 1053 2941 dixi,
1074 2881 1138 2923 cum
1153 2862 1260 2922 dice-3⁰

225 2961 287 3004 rem
301 2962 373 3022 quae
391 2945 550 3006 scribenda.
572 2945 613 3006 l'u
628 2949 789 3008 memineris
800 2950 844 3008 sui
856 2950 994 3026 cuiusque
1005 2948 1121 3024 generis
1131 2953 1226 3005 aucto·

226 3046 274 3089 res
289 3028 441 3106 diligenter
455 3027 575 3108 eligere.
597 3030 683 3091 dium
698 3033 772 3092 enim
786 3031 903 3092 multum
914 3029 1066 3108 legendum
1077 3049 1156 3106 esse,
1171 3044 1225 3087 non

158 3112 165 3120 '
186 3124 220 3179 16
226 3111 321 3173 multa.
345 3111 400 3185 Qui
416 3114 472 3173 sint
487 3113 516 3172 bi
534 3114 607 3173 adeo
621 3123 717 3175 notum
730 3115 937 3194 probatumque
952 3123 997 3175 est
1010 3123 1041 3174 ut
1056 3114 1225 3174 demonstra·

225 3197 303 3257 tione
316 3214 373 3257 non
387 3206 487 3274 egeat;
502 3204 531 3255 et
542 3196 647 3276 alioqui
663 3208 718 3259 tam
731 3200 882 3260 immodice
894 3196 1043 3278 epistulam
1056 3194 1171 3258 extendi
1184 3204 1223 3270 ut,

226 3279 292 3340 dum
308 3279 358 3342 tibi
374 3279 607 3358 quemadmodum
625 3283 741 3342 studere
756 3282 863 3343 debeas
880 3282 998 3359 suadeo,
1012 3279 1144 3343 studendi
1157 3283 1259 3339 ton-et

225 3381 279 3442 pus
295 3363 469 3424 abstulerim.
490 3363 564 3437 Quin
581 3381 652 3442 ergo
666 3364 822 3443 pugillares
836 3368 958 3428 resumis
973 3375 1003 3426 et
1016 3364 1124 3445 aliquid
1134 3381 1172 3425 ex
1181 3360 1223 3420 bis

226 3446 272 3507 vel
288 3447 363 3507 istud
378 3449 471 3525 ipsum
486 3448 563 3526 quod
577 3465 716 3526 coeperas
732 3446 856 3511 scribis?
886 3449 968 3511 Vale.
