2632 4102
371 308 632 372 EPISTULARUM
646 308 697 371 ΠΙ.
720 319 747 372 4.
761 321 788 372 5.
1034 309 1077 375 47

87 483 152 545 quae
172 464 245 526 solet
268 463 385 524 decreta
405 480 603 541 pmecurrcre.
635 461 706 522 'lum
726 478 783 538 ego
804 460 929 522 ‘desino'
951 465 1075 543 inquunt,

86 555 185 629 ‘patres
205 547 377 627 conscripti,
396 555 496 624 putare
514 565 560 606 me
574 548 662 608 iustas
678 547 869 606 excusationis
888 565 988 608 causas
1004 556 1076 608 attu-

85 634 168 693 lisse’.
202 631 309 692 Placuit
324 639 353 691 et
366 629 504 691 modestia
519 631 657 692 sermonis
674 637 704 690 et
721 631 801 690 ratic.
834 628 969 710 Conpulit
983 637 1102 691 autema

84 735 123 776 me
136 716 168 776 ad
182 714 238 775 boc
252 715 401 776 consilium
414 731 470 774 nou
485 713 576 774 solum
592 731 751 776 consensus
766 723 893 800 senatus,
910 731 1077 794 quamquam

63 799 125 860 olric
139 801 274 878 maxime,
294 816 393 859 verum
408 806 437 858 et
453 796 500 858 alii
517 798 629 877 quidum
643 799 768 860 minores
783 797 837 858 sed
851 806 944 860 tamen
957 799 1076 859 numeri.

82 883 214 945 Veniebat
232 885 261 942 in
282 892 404 943 mentem
423 884 535 961 priores
553 892 667 943 nostros
690 884 773 943 etism
792 880 968 960 singulorum
979 882 1076 960 hospi·

82 978 134 1027 turu
154 969 267 1028 iniurias
281 966 446 1027 voluntariis
464 967 694 1026 accusationibus
711 975 881 1034 exsecutosa
904 984 961 1045 quo
981 965 1076 1028 delor-

81 1053 146 1112 mius
158 1051 315 1111 arbitrabar
328 1049 435 1129 publici
452 1049 558 1128 hospiti
573 1052 633 1111 iura
646 1049 816 1128 neglegere.
847 1049 998 1112 Praeterea
1014 1057 1118 1113 curuo·

81 1136 244 1196 recordarer
265 1142 366 1213 quanta
386 1151 439 1212 pro
459 1132 550 1194 isdem
575 1133 698 1196 Raeticis
719 1134 869 1210 superiore
890 1134 1076 1196 advocatione
1120 1163 1121 1168 ¹

50 1222 157 1283 toetiaru
172 1217 302 1298 pericula
316 1218 469 1294 subissem,
486 1218 709 1279 conservandum
719 1218 826 1277 veteris
843 1216 931 1277 cilicii
947 1221 1076 1279 meritum
1148 1273 1154 1286 ,

81 1319 149 1364 novo
165 1300 323 1362 videbatur.
355 1299 409 1362 Est
424 1303 498 1362 euim
512 1305 549 1362 ita
564 1309 754 1380 comparatum
768 1309 798 1360 ut
817 1302 974 1380 antiquiora
988 1302 1076 1363 bene-

81 1387 138 1448 ficia
152 1386 314 1463 subvertas,
331 1387 385 1445 nisi
398 1384 446 1446 illa
460 1386 666 1463 posterioribus
683 1383 826 1446 cumules:
844 1399 908 1445 nam
923 1384 1077 1464 quamlibet

80 1487 163 1549 saepe
185 1470 320 1547 obligati,
342 1469 449 1550 siquid
471 1487 555 1528 uuum
573 1487 682 1547 neges,
703 1468 759 1529 boc
779 1467 871 1529 solum
890 1470 1077 1530 meminerunt

82 1554 151 1634 quod
166 1562 303 1632 neg-atum
323 1563 379 1614 est.
409 1551 544 1614 Ducebar
556 1555 641 1613 etiam
658 1553 733 1630 quod
748 1551 915 1614 decesserat
931 1552 1104 1618 Olassious‘l

47 1644 256 1717 ttamotumque
273 1646 349 1714 erat,
373 1635 449 1716 quod
470 1638 499 1697 iu
519 1636 657 1698 eiusmodi
672 1637 765 1696 causis
780 1635 856 1697 solet
870 1654 936 1698 esse
950 1638 1077 1698 tristissi-

81 1740 166 1800 mum,
192 1720 353 1801 periculum
373 1721 524 1782 senatoris.
556 1719 693 1781 Videbam
714 1736 785 1796 ergo
805 1718 982 1781 advocationi
994 1737 1077 1781 meae

82 1824 132 1866 nou
145 1808 282 1866 minorem
296 1807 414 1882 gratiam
425 1821 508 1884 quam
522 1805 547 1863 si
558 1805 669 1864 viveret
679 1802 731 1864 ille
744 1805 930 1883 propositam,
946 1802 1078 1865 invidiam

81 1889 186 1950 nullam.
209 1888 244 1950 ln
259 1905 376 1966 summa,
393 1889 591 1966 oonputabsm‚
609 1890 634 1948 si
648 1905 764 1948 munere
778 1887 835 1948 boo
848 1887 902 1947 iam
915 1890 1000 1949 tertio
1014 1887 1103 1950 iun-8

82 1992 178 2051 gener,
200 1971 360 2034 faciliorem
376 1972 443 2032 mihi
465 1974 677 2033 excusationem
698 1971 778 2049 iore,
801 1973 826 2032 si
844 1974 907 2050 quis
929 1970 1078 2034 incidisset

48 2065 159 2134 toquem
173 2075 232 2118 uon
247 2056 383 2117 deberem
396 2073 544 2117 accusare.
563 2054 634 2116 Nam
651 2073 714 2116 cum
728 2065 773 2118 est
788 2057 910 2117 omnium
920 2057 1079 2118 ciliciorum

84 2141 139 2202 linis
152 2142 272 2220 aliquis,
293 2149 352 2200 tum
372 2142 478 2218 optime
496 2139 620 2201 libertati
633 2141 717 2200 venia
730 2139 870 2220 obsequio
886 2150 1078 2219 praeparatur.

83 2224 185 2287 Audisti
200 2222 314 2286 consilii
325 2225 380 2284 mei
391 2233 496 2302 motus,
513 2233 647 2301 superest
658 2222 791 2284 alterutra
805 2242 842 2284 ex
852 2234 932 2304 parte
946 2224 1104 2286 iudicium9

84 2317 167 2386 tuum,
188 2311 217 2370 iu
231 2325 289 2386 quo
305 2307 372 2368 mibi
385 2325 477 2386 aeque
497 2307 618 2368 iucunda
635 2309 688 2367 erit
705 2306 871 2385 simplicitas
886 2308 1078 2370 dissentientis

84 2411 158 2470 qum
176 2392 380 2470 comprobantis
393 2393 555 2451 auctoritas.
587 2389 667 2452 Vale.

16 2489 77 2539 ‘⁴²⁰
562 2524 598 2586 v.

300 2623 327 2676 G.
343 2622 468 2675 PLINIUS
483 2623 600 2675 Bruttio
619 2623 731 2674 MACRO
750 2622 810 2674 SUO
829 2622 857 2678 S.

140 2727 305 2807 Pergratum
321 2737 367 2789 est
380 2727 447 2788 mibi
462 2729 538 2808 quod
552 2737 607 2789 um
619 2727 772 2806 diligenter
782 2725 870 2788 libros
881 2724 1012 2786 avunculi
1024 2729 1105 2792 meil

86 2808 190 2872 lectitas
204 2821 237 2874 ut
249 2811 355 2872 habere
366 2829 465 2874 omnes
475 2812 549 2874 velis
561 2829 738 2891 quaerasque
750 2812 798 2890 qui
809 2811 865 2872 siut
875 2827 984 2873 omnes.
1006 2808 1105 2875 Fun-t

52 2907 132 2970 tegar
148 2895 250 2956 indicis
266 2895 392 2974 partibus
411 2905 496 2975 atque
517 2899 601 2957 etiam
614 2914 671 2976 quo
686 2897 741 2958 sint
756 2894 854 2956 ordine
869 2896 970 2973 scripti
983 2903 1080 2956 notum

88 2977 131 3037 tibi
146 2979 261 3040 luciam:
282 2987 328 3040 est
344 2981 418 3039 euim
434 2979 505 3041 haec
518 2998 633 3060 quoque
647 2978 782 3040 studiosis
796 2995 853 3040 uon
867 2978 1017 3040 iniucunda
1031 2997 1080 3039 eo·
1138 2983 1140 2988 '

88 3063 177 3135 gnitio.
207 3062 264 3123 ‘lle
283 3062 454 3124 iaculatione
468 3065 596 3143 equestri
613 3067 709 3124 unus':
735 3063 821 3140 bunc,
838 3079 902 3123 eum
917 3062 1108 3142 praetentans

88 3142 143 3206 alae
155 3145 304 3224 militaret,
319 3148 379 3225 pari
393 3149 507 3225 ingenio
524 3165 648 3226 curaque
669 3148 830 3225 conposuit.
854 3145 911 3208 ‘De
927 3149 986 3207 vita
999 3145 1081 3206 Pour-

89 3231 149 3303 poni
169 3229 295 3291 Secundi
317 3230 401 3300 duo';
421 3249 514 3309 aquo
535 3230 714 3309 singulariter
730 3241 838 3292 amatus
858 3230 915 3291 boc
930 3230 1081 3290 memoriae

53 3315 162 3374 toamiei
188 3315 270 3392 quasi
295 3314 418 3376 debitum
445 3332 545 3375 munus
566 3315 699 3376 exsolvit.
734 3314 892 3376 ‘Bellorum
917 3313 1108 3376 Germaniaet

89 3397 211 3473 viginti';
227 3398 328 3475 quibus
347 3401 439 3459 omnia
455 3417 528 3477 quae
541 3417 604 3460 cum
611 3397 756 3459 Germanis
771 3399 913 3476 gessimus
930 3396 1007 3456 bella
1021 3396 1081 3456 col·

90 3475 164 3557 legit.
194 3481 356 3561 lnchoavit,
374 3501 437 3544 curu
452 3484 480 3541 in
496 3483 641 3543 Germania
654 3481 805 3558 militaret,
817 3483 927 3543 somnio
944 3482 1081 3542 monitus:

90 3560 188 3625 adstitit
202 3568 230 3625 ei
244 3568 401 3646 quiescenti
416 3566 501 3628 Drusi
515 3565 637 3627 Neronis
651 3566 777 3644 effigies,
794 3567 841 3644 qui
861 3564 1026 3626 Germaniae
1041 3564 1082 3625 la·

491 3667 511 3700 Ο
