2632 4096
364 251 628 313 EPISTULARUM
642 252 690 313 Vl.
706 261 751 319 32.
767 261 810 316 33.
827 262 871 316 34.
1075 251 1137 317 131

136 401 300 479 induxerat,
323 401 500 482 quadruplici
520 403 624 465 iudicio
642 406 717 465 bona
731 413 848 484 paterna
861 402 1019 482 repetebat.
1048 404 1164 470 Sede-³

134 486 201 547 bant
223 494 337 547 centum
357 496 386 547 et
406 487 550 563 octoginta
570 486 696 558 iudices;
716 497 759 548 tot
779 489 853 547 enim
868 497 999 566 quattuor
1014 489 1150 550 consiliis·

136 569 323 648 colliguntur:
344 571 448 648 ingens
463 571 602 648 utrimque
618 571 767 632 advocatio
783 580 813 631 et
826 587 976 631 numerosa
991 571 1138 651 subsellia,

133 663 286 731 praeterea
313 653 401 713 densa
427 655 665 715 circumstantium
690 672 795 716 corona
818 654 982 715 latissimum
1005 655 1139 715 iudicium

113 735 286 815 5multiplici
304 736 412 797 circulo
429 737 559 798 ambibat.
591 737 637 798 Ad
658 739 714 798 boc
735 740 868 816 stipatum
887 737 1025 816 tribunal,
1046 738 1165 818 adquet

135 822 219 880 etiam
235 838 274 880 ex
290 821 439 900 superiore
453 819 588 881 basilicae
602 832 684 900 parte
706 841 761 901 qua
776 823 897 882 irminae
913 839 968 901 qua
982 823 1035 881 viri
1049 831 1077 882 et
1091 841 1139 882 uu·

134 901 247 980 dandi,
271 904 347 983 quod
363 903 496 981 diiircile,
520 912 549 965 et
572 905 647 984 quod
661 905 764 983 iacile,
779 905 891 966 visendi
906 905 999 967 studio
1015 907 1139 966 immine·

135 987 209 1046 bant.
232 985 335 1065 blagua
350 989 529 1067 exspectatio
545 998 665 1066 patrum,
682 1007 782 1066 magna
796 989 925 1066 filiarum,
942 1007 1042 1066 magna
1054 991 1138 1049 ctiam

135 1086 333 1131 novercarum.
362 1071 484 1131 Secutus
505 1081 550 1131 est
563 1075 657 1133 varius
673 1081 801 1133 eventus.
831 1072 902 1133 Num
916 1072 1026 1133 duobus
1045 1074 1162 1135 consi-5

101 1153 180 1214 toliis
194 1155 326 1231 vicimus,
343 1154 462 1214 totidem
474 1155 543 1214 victi
558 1174 662 1216 sumus.
685 1155 825 1216 Notabilis
836 1172 954 1234 prorsus
969 1165 999 1216 et
1013 1158 1081 1216 mira
1092 1173 1138 1217 ea·

135 1236 197 1296 dem
212 1239 241 1297 in
255 1255 352 1316 causo,
366 1237 457 1298 isdem
466 1237 617 1316 iudicibus,
633 1239 723 1300 isdem
731 1239 887 1316 advocatis,
898 1238 1000 1298 eodem
1008 1247 1138 1319 tempore

134 1327 206 1382 anta
222 1320 373 1382 diversitas
385 1320 499 1400 accidit,
515 1339 594 1400 casu,
610 1339 666 1382 nou
681 1321 758 1402 qnod
775 1340 858 1384 casus
869 1321 1022 1382 videretur.
1054 1321 1164 1385 victas

136 1414 178 1465 est
192 1423 336 1483 noverca,
353 1406 415 1484 ipsa
426 1405 511 1466 beres
527 1423 564 1467 er
577 1414 658 1488 parte
672 1415 771 1485 sexta,
792 1408 886 1466 rictus
902 1405 1074 1482 sunericus,
1091 1407 1139 1484 qui

136 1488 326 1550 exheredatus
341 1499 448 1568 apatre
464 1489 598 1567 singulari
613 1490 775 1569 inpudentia
789 1489 872 1550 alieni
886 1491 973 1571 patris
989 1489 1063 1550 bona
1077 1491 1138 1547 vin·

103 1570 255 1650 radicabat,
272 1589 329 1632 non
343 1591 428 1634 ausus
444 1576 487 1632 sui
504 1581 612 1652 petere.
642 1572 722 1634 llaec
736 1574 787 1634 tibi
802 1574 933 1653 exposui,
950 1575 1085 1653 primum,
1106 1579 1164 1635 att

137 1673 172 1715 ex
186 1656 312 1736 epistula
326 1658 416 1718 scires
433 1675 506 1736 quae
520 1659 698 1718 exoratione
713 1674 769 1716 non
783 1667 914 1736 poteras:
935 1656 1037 1716 deinde
1058 1657 1137 1734 (nam

138 1737 268 1818 detegam
283 1741 387 1819 artes),
409 1751 440 1801 ut
455 1743 609 1802 orationem
624 1740 758 1801 libentius
773 1740 905 1819 legeres,
927 1741 952 1800 si
966 1756 1023 1799 non
1038 1738 1138 1817 legere

137 1822 184 1883 tibi
197 1826 250 1885 sed
265 1826 407 1885 interesse
418 1824 523 1885 iudicio
537 1824 689 1894 videreris3
711 1842 809 1904 quam,
824 1825 860 1885 sit
874 1822 942 1884 licet
956 1840 1067 1900 magna,
1081 1840 1138 1882 con

138 1905 261 1986 despero
275 1909 393 1986 gratiam
407 1908 591 1970 brevissimae
607 1911 825 1987 impetraturam,
854 1906 925 1966 Nam
946 1915 975 1966 et
998 1907 1081 1986 copia
1094 1914 1166 1968 ιιι-8

101 2000 196 2053 mrum
211 2001 241 2053 et
256 2001 355 2070 arguta
370 1991 510 2052 divisione
527 2001 556 2052 et
570 1991 783 2053 cenatiunculis
796 1990 924 2070 pluribus
941 1999 970 2050 et
985 1988 1138 2067 eloquendi

138 2077 273 2136 varietate
288 2084 448 2135 renovatur.
471 2075 542 2136 Sunt
556 2075 641 2135 multa
656 2076 728 2153 (non
742 2074 876 2136 auderem
890 2075 944 2135 nisi
958 2073 1009 2133 tibi
1023 2073 1137 2151 dicere)

139 2155 220 2238 eluta,
236 2160 324 2220 multa
338 2161 493 2237 pugnacis,
515 2158 602 2218 multu
617 2159 739 2220 subtilia.
769 2158 923 2219 Intervenit
939 2159 1013 2216 enirn
1026 2159 1164 2219 acribus9

138 2239 192 2303 ullis
207 2253 236 2304 et
252 2241 358 2304 er‘ectis
372 2243 509 2322 frequens
523 2245 682 2304 necessitas
697 2241 868 2320 conputandi
887 2261 920 2302 ac
934 2259 1026 2320 paene
1042 2240 1136 2301 calcu-

138 2322 182 2386 los
197 2327 378 2406 tabulamque
394 2325 549 2405 poscendi,
570 2337 601 2386 nt
614 2335 734 2404 repente
749 2329 776 2387 in
791 2327 893 2405 privati
907 2324 1002 2384 iudicii
1019 2323 1137 2384 formam

103 2411 337 2471 ticentnmvirale
356 2420 490 2472 venatur.
527 2409 664 2472 Dedimus
690 2408 756 2470 vela
781 2409 980 2486 indignationi,
1008 2407 1180 2470 dedimusld

138 2493 205 2572 irae,
221 2496 350 2556 dedimus
361 2493 464 2572 dolori,
480 2503 509 2555 ct
520 2495 548 2554 in
558 2493 730 2573 amplissima
744 2511 839 2570 causa,
856 2492 935 2572 quasi
944 2507 1046 2568 magno
1056 2492 1135 2569 mari,

140 2576 263 2653 pluribus
280 2579 372 2638 ventis
389 2597 485 2639 sumus
500 2578 586 2638 recti.
606 2576 638 2637 ln
654 2595 771 2655 summa,
787 2575 883 2637 solent
897 2574 1008 2654 quidum
1020 2593 1057 2634 ex
1069 2583 1179 2636 con-ll

140 2663 330 2723 tubemalibus
349 2665 455 2723 uostris
470 2664 631 2723 existimare
646 2663 718 2721 bane
734 2662 907 2736 orationem,
920 2661 1020 2718 iterum
1033 2658 1136 2733 dicam,

140 2753 168 2804 ut
180 2747 252 2808 inter
263 2764 358 2824 meas,
372 2736 417 2819 ὡς
427 2737 513 2826 ὑπὲρ
521 2745 761 2824 Κτησιφῶντος
776 2761 857 2805 esse:
872 2761 906 2802 an
917 2760 1004 2821 vere,
1015 2753 1046 2803 tu
1057 2742 1138 2803 iacil-

106 2824 202 2891 scitne
213 2829 364 2908 iudicabis,
380 2831 428 2909 qui
443 2840 500 2891 tam
510 2830 673 2890 memoriter
683 2839 766 2890 teccs
778 2846 877 2888 omnes
888 2837 918 2888 ut
929 2827 1061 2888 conferre
1074 2846 1138 2888 cum

141 2908 200 2992 buc,
215 2916 281 2976 dum
292 2914 363 2974 banc
379 2913 469 2975 sclam
483 2913 570 2992 legis,
585 2914 693 2992 possis.
724 2912 804 2972 Vale.

563 3043 709 3108 xxxsstl.

414 3145 442 3197 c.
458 3145 582 3198 sciuros
602 3144 732 3196 nummo
750 3144 812 3196 sco
829 3143 857 3199 s.
924 3165 953 3178 ·-

109 3243 137 3300 ῦὸ
199 3245 291 3307 Recte
314 3246 410 3307 iecisti
431 3247 508 3325 quod
529 3246 724 3325 gladiatorium
743 3263 843 3304 munus
859 3243 1073 3304 Veronensibus
1087 3255 1163 3310 no·1

145 3328 204 3388 stris
216 3331 379 3410 promisisti,
392 3348 408 3390 a
422 3331 523 3409 quibus
538 3329 726 3406 obmanens,
743 3330 911 3407 suspiceris,
928 3328 1045 3386 ornaris.
1068 3326 1138 3389 lude

145 3411 220 3472 ctiam
234 3432 353 3475 uxorem
369 3415 540 3474 carissimam
554 3415 604 3474 tibi
620 3423 649 3474 et
665 3413 893 3492 probatissimam
908 3411 1038 3487 habuisti,
1057 3414 1138 3472 cuius

145 3500 287 3560 memoriae
301 3507 348 3558 out
363 3515 436 3576 opus
451 3496 566 3576 aliquod
579 3507 626 3558 aut
641 3495 855 3576 spectaculum,
871 3494 1034 3615 adque*boc
1049 3496 1138 3572 potis·
