2632 4096
215 321 256 387 78
641 317 675 381 0.
697 317 795 382 1²1le

213 472 285 534 Nam
305 475 329 533 si
349 472 406 533 hoe
426 472 597 552 opusculum
616 481 743 534 nostrum
764 481 811 532 ent
824 449 1004 550 potissimum
1018 478 1098 532 esset
1111 479 1161 529 aut
1175 485 1223 530 so·
1310 458 1311 518 l

212 556 282 635 lum,
299 557 423 620 fortasse
440 566 542 636 posset
559 557 659 617 durum
672 555 765 616 videri
779 555 878 616 dicere
896 562 1016 633 ‘quaere
1032 553 1108 632 quod
1124 557 1226 631 agas':

212 642 300 703 molle
319 652 348 703 et
363 641 511 702 humanum
526 650 572 701 est
584 640 685 702 ‘habes
701 639 778 718 quod
791 645 883 718 agas?
915 639 997 702 Vale.
1309 639 1310 642 ’

485 872 513 926 0.
533 871 660 924 PLINIUS
677 773 830 925 dididdldllo
848 869 950 925 SUOS.
1232 811 1252 866 ὁ

191 991 203 1040 l
277 975 309 1034 Si
330 975 395 1053 quid
418 976 548 1053 omnino,
574 974 631 1036 boc
655 969 862 1036 certe‘iudieio
890 973 967 1034 iacio
991 971 1069 1050 quod
1088 971 1225 1032 Asinium

213 1057 317 1118 Rufum
336 1059 517 1137 singulariter
533 1077 606 1120 amo.
626 1057 681 1119 Est
694 1059 780 1119 bomo
796 1058 916 1119 eximius
932 1067 962 1118 et
975 1057 1113 1117 bonorum
1126 1073 1223 1116 aman-

212 1143 349 1204 tissimus.
381 1141 441 1204 Cur
464 1146 538 1204 enim
559 1161 616 1204 non
636 1161 683 1204 me
704 1160 821 1222 quoque
843 1144 917 1201 inter
935 1141 1027 1201 bonos
1050 1137 1225 1201 numerem?

214 1226 293 1288 ldem
308 1225 473 1289 Cornelium
489 1227 616 1289 Tacitum
633 1231 705 1309 (seis
727 1244 812 1307 quem
833 1225 940 1304 virum)
957 1235 1016 1286 arta
1032 1225 1224 1286 familiaritate
1234 1239 1270 1292 lo

187 1310 373 1391 econplsxus
392 1322 446 1374 est.
469 1311 591 1392 l'roinde
607 1315 632 1374 si
645 1322 793 1391 utrumque
808 1321 936 1372 nostrum
950 1309 1073 1390 probas,
1090 1307 1126 1369 de
1142 1307 1223 1369 Rufo

213 1413 329 1475 quoque
346 1415 468 1458 necesse
485 1407 531 1458 est
546 1397 622 1457 idem
633 1399 751 1474 sentias,
767 1413 831 1455 curu
845 1397 882 1455 sit
896 1393 930 1455 ad
946 1393 1138 1456 conectendas
1152 1395 1223 1453 ami·

187 1481 296 1548 scitias
317 1480 366 1541 vel
389 1483 600 1542 tenacissimum
620 1479 764 1542 vinculum
780 1497 889 1540 morum
909 1478 1074 1540 similitudo.
1107 1477 1180 1537 Sunt
1192 1479 1222 1538 ei

213 1562 297 1624 liberi
316 1563 423 1642 plures.
452 1563 523 1624 Nam
537 1567 566 1626 in
579 1565 636 1625 hoc
653 1582 768 1645 quoque
785 1565 898 1626 functus
914 1573 960 1625 est
975 1563 1074 1642 optimi
1091 1563 1162 1622 ciris
1176 1564 1222 1621 ol·

214 1648 292 1725 flebo,
308 1649 385 1727 quod
399 1648 572 1710 fecunditate
587 1652 683 1710 uxoris
700 1648 781 1728 largo
797 1649 852 1708 frui
866 1648 956 1708 uoluit
971 1664 1007 1708 eo
1025 1645 1143 1708 saeculo
1162 1663 1221 1724 quo
1233 1653 1267 1704 15

213 1732 361 1812 plerisque
376 1735 461 1793 etiam
471 1734 601 1812 singulos
616 1733 688 1795 lilios
704 1735 832 1794 orbitatis
844 1732 970 1814 praemia
981 1749 1084 1809 graues
1097 1731 1222 1800 iaciuut;

214 1817 317 1897 quibus
331 1816 381 1879 ille
396 1818 545 1896 despectis
564 1820 609 1878 ari
626 1835 741 1897 quoque
761 1835 864 1877 nomen
881 1817 1047 1895 adsumpsit.
1077 1814 1223 1875 ostentm

214 1919 299 1978 arus,
312 1910 342 1962 et
357 1901 471 1980 quidem
486 1921 524 1962 ex
538 1902 650 1962 Saturio
665 1901 776 1979 Firmo,
794 1919 878 1980 quem
893 1899 997 1979 diliges
1012 1909 1042 1960 ut
1058 1915 1130 1977 ego,
1145 1902 1171 1960 ei
1189 1908 1223 1959 ut

188 1996 273 2062 lego
288 1987 407 2063 propius
421 1988 594 2065 inspexeris.
629 1985 708 2047 Haeo
723 2003 759 2046 eo
773 1987 917 2065 pertinent
936 1993 968 2044 ut
982 1986 1057 2046 scias
1073 2001 1154 2061 quam
1171 2000 1221 2043 oo·

215 2071 340 2147 pinsum,
363 2086 446 2147 quam
466 2087 645 2131 numerosam
662 2070 773 2130 domum
793 2087 849 2130 uuo
864 2070 1009 2130 beneficio
1022 2069 1063 2129 sis
1079 2067 1268 2144 obligato-2⁰

215 2169 280 2219 rns;
305 2151 341 2210 ad
363 2152 439 2230 quod
457 2153 613 2230 petendum
632 2164 702 2214 voto
726 2155 860 2232 primum,
888 2153 990 2214 deinde
1007 2153 1082 2212 bono
1099 2151 1223 2230 quodam

189 2236 310 2299 somine
330 2235 503 2296 adducimur.
538 2237 674 2316 Optamus
689 2241 763 2297 euim
779 2238 829 2297 tibi
846 2239 1058 2316 ominamurque
1073 2239 1103 2295 in
1122 2236 1222 2314 proxi·

215 2337 291 2380 mum
304 2338 404 2379 aunum
420 2321 605 2382 consulatum.
624 2321 667 2382 lta
676 2339 729 2382 nos
743 2323 864 2382 virtutes
880 2330 956 2399 tuae,
971 2324 1010 2382 ita
1025 2319 1129 2380 iudicia
1142 2321 1222 2398 prin·

188 2406 290 2484 dcipis
308 2407 439 2483 augurari
450 2405 556 2466 volunt.
580 2404 732 2466 Concurrit
742 2414 835 2466 autem
846 2416 876 2466 ut
888 2403 1037 2466 sit’eodem
1048 2421 1121 2465 anuo
1133 2422 1221 2482 quae·

216 2498 278 2550 stor
291 2491 426 2549 maximus
444 2508 481 2550 ex
496 2490 595 2551 liberis
609 2488 691 2568 uun,
706 2490 822 2551 Asinius
836 2489 959 2568 Bassus,
975 2491 1086 2550 iuvenis
1103 2489 1221 2568 (nescio
1230 2499 1267 2554 25

214 2591 250 2633 au
264 2573 354 2634 dicam
370 2574 447 2653 quod
461 2593 507 2634 me
521 2583 603 2653 pater
617 2584 647 2636 et
662 2575 768 2637 sentire
786 2583 816 2635 et
832 2574 929 2635 dicere
945 2577 1034 2653 cupit,
1049 2571 1221 2634 adulescen-

189 2659 252 2721 itis
272 2659 446 2718 uerecundia
466 2659 560 2738 uetat)
582 2660 647 2738 ipso
667 2650 748 2738 patre
768 2658 881 2719 melior.
903 2657 1030 2719 Difficile
1046 2667 1093 2719 est
1105 2666 1137 2716 ut
1151 2657 1222 2716 mibi

215 2740 250 2800 de
266 2740 384 2802 ahsente
408 2743 527 2821 credas,
548 2760 712 2823 quamquam
736 2741 855 2804 credere
876 2742 955 2804 soles
977 2743 1086 2819 omnia,
1113 2749 1222 2802 tantum

215 2824 244 2883 in
254 2822 304 2883 illo
316 2824 481 2904 industriae,
494 2827 656 2906 probitatis,
672 2821 850 2905 eruditionis,
866 2829 985 2906 ingenii,
1000 2825 1097 2901 studii,
1113 2843 1221 2886 memo·

189 2908 273 2972 ories
295 2907 419 2987 denique
440 2928 526 2987 esse,
552 2921 684 2988 mantum
707 2921 844 2990 expertus
863 2911 1003 2972 invenies.
1035 2909 1149 2970 Vellem
1162 2919 1268 2976 lambo

215 2990 296 3051 ferax
311 2992 455 3053 saeculum
469 2995 552 3054 bonis
566 2996 673 3056 unibus
687 2995 856 3056 haberemus
871 3005 901 3055 ut
913 2995 1024 3074 aliquos
1036 2993 1125 3055 Basso
1137 3011 1221 3072 prae·

216 3076 294 3136 icrre
312 3076 452 3139 deberes:
475 3088 532 3139 tum
548 3095 606 3157 ego
624 3088 652 3139 te
674 3082 780 3159 primus
799 3079 929 3140 hortarer
944 3095 1150 3157 moneremque
1165 3081 1222 3138 cir·

217 3162 374 3222 eumlerres
389 3161 490 3223 oculos
508 3181 542 3222 ac
556 3163 603 3223 diu
617 3165 777 3242 pensitares
793 3181 877 3242 quem
891 3164 1068 3244 potissimum
1082 3160 1220 3239 eligeres.

189 3244 298 3310 9Nunc
311 3263 382 3306 vero
400 3282 440 3291 -
454 3247 508 3307 sed
522 3247 590 3307 nibil
603 3246 673 3308 volo
687 3248 723 3308 de
733 3249 824 3308 amieo
836 3266 902 3308 meo
912 3247 1093 3325 adrogantius
1108 3246 1221 3323 dicere,

214 3327 277 3389 boc·
288 3329 379 3389 solum
395 3330 461 3390 dico
477 3330 591 3409 dignum
612 3349 679 3392 esse
699 3333 832 3392 iuuenem
846 3350 929 3411 quem
947 3349 1025 3392 more
1039 3332 1174 3390 maiorum
1192 3331 1266 3394 inde

175 3412 265 3477 lollii
281 3412 376 3474 locum
391 3413 529 3476 adsumas.
560 3414 676 3476 Debent
689 3423 783 3474 aulem
799 3419 943 3494 sapientes
955 3415 1076 3492 viri‚‘ut
1091 3423 1130 3489 tu,
1143 3412 1219 3474 tales

216 3498 296 3574 quasi
315 3495 423 3558 liberos
444 3517 460 3557 a
480 3516 513 3557 re
535 3497 649 3576 publica
668 3501 802 3577 accipere
821 3500 921 3578 quales
941 3509 1070 3560 enatura
1090 3497 1219 3560 solemus

215 3587 324 3656 optare.
364 3579 496 3639 Decorus
518 3583 572 3642 erit
597 3581 647 3640 tibi
669 3581 779 3642 consuli
801 3592 937 3660 quaestor
957 3593 1039 3662 patre
1061 3581 1219 3662 praetorio,
