2614 4104
226 293 290 358 294
661 292 695 355 (l.
710 290 808 354 renti

226 441 370 525 aeeipiatl
384 444 437 508 llio
449 463 598 526 praesens,
609 445 660 506 ille
671 444 776 506 mavult
787 445 892 506 absens
907 445 1006 506 amari:
1021 453 1145 524 uterque
1159 461 1245 504 anne-

226 540 273 592 tar
292 537 323 590 ut
336 531 456 600 maralt;
476 546 560 591 neruo
577 530 606 589 in
622 529 744 591 taedium
763 529 941 608 praesentia,
961 545 1045 589 nemo
1063 530 1091 588 in
1114 526 1245 588 oblivio·

226 632 292 676 nens
305 614 434 676 absentia
444 615 546 674 veniat.
570 613 662 676 'l'enet
673 614 796 692 quisque
810 610 904 674 laeum
916 630 1000 690 ιῐιιοιιι
1011 610 1102 674 semel
1114 612 1244 680 meruit:

227 697 399 776 faciliusque
419 706 465 759 est
483 707 516 758 nt
534 696 627 758 oeulis
644 699 705 757 eins
726 695 821 757 vultus
841 696 978 757 absentis¹
990 713 1072 774 quam
1093 705 1126 756 ut
1140 697 1245 756 anim

228 783 329 842 auritas
344 779 467 842 excidat.
1251 791 1268 843 t

175 864 218 931 88
290 863 423 943 Plerique
439 865 602 943 prinsipes,
621 871 796 926 sanassent
812 864 916 924 nivium
929 863 1049 941 domiai,
1066 861 1244 924 libertorum

228 957 308 1009 erant
322 949 414 1008 servi:
429 948 528 1008 luorum
542 946 687 1024 tonsillis,
701 945 802 1008 horum
817 947 1086 1024 assumebantur,
1108 963 1164 1025 per
1183 949 1241 1007 hos

226 1031 394 1108 audiebant,
422 1049 477 1109 per
493 1030 546 1092 laos
565 1028 769 1108 loquebantur,
795 1049 849 1111 per
862 1032 916 1090 lnos
931 1039 1079 1110 praeturae
1099 1031 1189 1092 etiam
1209 1039 1242 1089 et

227 1111 388 1178 sacerdotia
403 1124 433 1174 et
448 1113 629 1190 consulatue,
644 1116 729 1175 inmo
740 1124 769 1175 et
781 1115 816 1174 ab
827 1114 872 1176 his
887 1115 1067 1194 petebantur.
1087 1112 1130 1173 Τιι
1141 1112 1240 1175 liber·

95 1217 101 1224 ·
225 1200 264 1260 tis
273 1200 330 1261 tuis
342 1215 479 1263 eunnnaun
494 1197 607 1277 quidem
617 1197 772 1275 honorem,
787 1197 840 1258 sed
852 1207 993 1276 tamquam
1003 1197 1113 1260 libertis
1127 1197 1236 1276 habes,
1249 1205 1279 1258 ιο

226 1282 397 1361 abundeque
412 1281 546 1342 sulliuere
562 1283 597 1341 lia
614 1279 726 1361 eredis,
746 1284 771 1343 ai
786 1281 868 1359 probi
882 1291 913 1342 et
926 1281 1001 1359 frugi
1022 1283 1237 1343 existimentur.

222 1368 293 1444 ¹Seis
313 1369 387 1427 enim
408 1366 593 1444 praeeipuam
608 1383 676 1427 esse
691 1363 823 1426 indicium
839 1383 897 1425 non
911 1367 1004 1444 magni
1018 1365 1157 1446 principis
1175 1383 1236 1426 rna·

227 1467 301 1529 gnos
315 1448 443 1510 libertos.
473 1450 518 1510 Ae
533 1450 653 1526 prinum
667 1450 808 1510 neminem
828 1450 859 1508 in
872 1467 924 1510 nsu
940 1448 1031 1510 habes
1046 1449 1101 1508 nisi
1118 1457 1168 1508 aut
1181 1449 1236 1510 tibi

226 1541 275 1594 aut
292 1533 363 1609 patri
374 1541 423 1592 tuo
438 1540 486 1592 aut
499 1533 607 1610 optimo
621 1533 727 1611 auique
740 1534 898 1613 prinoipuaa
913 1532 1063 1609 dileetuu,
1078 1535 1236 1612 statimne

227 1616 281 1678 hos
294 1617 391 1696 ipsos;
405 1615 510 1677 cotidie
525 1614 629 1676 dende
643 1617 681 1676 ita
692 1615 797 1678 formas
812 1627 842 1676 ut
856 1634 890 1677 ae
903 1633 959 1676 non
972 1625 1020 1678 tua
1033 1617 1163 1694 lortuna,
1180 1613 1236 1678 sel
1244 1624 1275 1678 15

228 1718 279 1763 aaa
298 1701 461 1762 metiantur:
484 1709 515 1759 et
534 1708 611 1761 tanto
624 1702 714 1778 nugis
730 1701 807 1778 digni
821 1701 922 1779 quibua
937 1700 1028 1762 honor
1042 1701 1132 1760 omna
1145 1717 1234 1778 prae-

228 1793 319 1847 stetur
332 1801 349 1844 a
362 1785 462 1862 nobis,
480 1785 545 1861 quia
559 1801 616 1844 noa
629 1793 675 1844 est
688 1802 822 1846 neeesse.
849 1781 973 1846 Iustisne
986 1784 1022 1845 de
1038 1784 1131 1846 nausis
1147 1802 1234 1844 sena·

227 1878 273 1929 tus
288 1866 470 1947 populusque
487 1867 630 1928 Romanas
645 1869 742 1946 optimi
756 1869 808 1930 tibi
822 1885 983 1946 eognomen
1002 1865 1128 1929 ediscit?
1147 1865 1235 1928 Para-

227 1960 286 2012 tum
300 1950 329 2011 il
346 1950 459 2029 quidem
473 1959 502 2012 et
516 1953 545 2011 in
560 1951 654 2012 mealia
670 1953 809 2031 positam,
831 1969 936 2012 aarum
952 1961 1054 2012 tamen
1082 1950 1166 2014 Soias
1181 1969 1233 2010 ne·
1292 1963 1293 2021 l

226 2036 330 2094 nninem
350 2043 415 2096 ante
430 2035 587 2113 meruisse,
613 2036 691 2113 quod
703 2053 761 2096 non
775 2043 836 2098 erat
855 2033 1090 2114 excogitandum,
1118 2035 1144 2094 si
1165 2035 1272 2114 quum

191 2123 195 2134 “
227 2119 388 2180 meruisset.
416 2118 463 2179 An
484 2120 571 2180 satius
592 2118 645 2179 luit
660 2117 777 2182 lelieem
790 2117 917 2181 vonna?
936 2118 1013 2197 quod
1029 2135 1086 2178 non
1101 2117 1231 2178 moribus

228 2201 281 2262 sed
292 2201 421 2263 fortunae
436 2200 529 2262 datura
540 2211 600 2264 ast:
614 2205 703 2264 satim
714 2200 863 2282 magnanst
878 2204 922 2264 eui
938 2202 1003 2282 plus
1014 2201 1135 2264 inuidiae
1146 2217 1230 2280 qnam

228 2283 445 2365 pulchritudinis
465 2289 548 2346 inest.
578 2284 734 2365 Adoptauit
753 2295 783 2348 te
802 2289 924 2366 optimus
939 2289 1075 2366 prinoeps
1091 2286 1120 2346 in
1135 2301 1230 2360 suurn,
1291 2307 1292 2327 ι

228 2380 343 2431 senatus
365 2371 394 2430 in
413 2371 512 2448 optimi
525 2387 637 2431 nornen.
664 2369 728 2431 lloe
741 2372 794 2433 tibi
808 2379 865 2432 tam
877 2372 1023 2451 proprium
1037 2386 1121 2448 quam
1135 2377 1231 2446 pater·

227 2471 308 2522 naon
336 2470 391 2512 nee
409 2455 500 2531 magis
521 2452 654 2514 distinete
678 2452 852 2532 definitaque
869 2454 999 2532 designat
1013 2455 1061 2534 qui
1080 2451 1268 2514 amasenus

229 2555 312 2616 qaam
325 2537 373 2616 qui
389 2537 526 2615 optimam
540 2536 681 2616 appellat,
698 2548 730 2598 ut
743 2537 810 2600 olirn
823 2537 984 2617 frugalitate
999 2535 1136 2613 Pisones,
1152 2537 1230 2614 sapi-
1290 2575 1291 2631 p

229 2622 303 2682 entia
316 2618 421 2698 Laelii,
436 2623 543 2700 pietate
559 2619 669 2682 lletelli
681 2622 915 2683 monstrabantur.
943 2620 1024 2695 Quae
1039 2618 1122 2682 simul
1136 2621 1230 2679 omnia

227 2722 285 2766 uuo
305 2706 361 2765 isto
382 2706 494 2766 nomime
514 2705 704 2765 eontinentur.
737 2703 801 2782 Nep
817 2705 910 2766 rideri
922 2713 1020 2784 potest
1036 2706 1160 2782 optimus
1174 2704 1229 2764 nisi

228 2790 277 2865 qui
298 2798 343 2847 est
363 2788 493 2849 omnbus
514 2789 628 2868 optimis
648 2790 677 2848 in
696 2806 748 2850 saa
768 2791 905 2868 cuiusque
923 2788 1007 2850 laude
1029 2788 1229 2868 praestantior.

228 2869 332 2931 llerito
349 2870 399 2929 tibi
414 2888 486 2949 ergo
499 2881 566 2949 post
580 2879 692 2933 oeteraa
707 2871 914 2952 appellationes
928 2870 1001 2934 haee
1014 2883 1059 2933 est
1075 2869 1185 2946 anua,
1200 2876 1265 2930 uteo
1289 2881 1290 2937 l

227 2955 324 3014 maior.
344 2951 437 3014 llinm
452 2962 498 3014 est
511 2955 587 3014 enm
600 2955 799 3034 imperatorem
815 2967 845 3018 et
859 2955 1011 3018 Gaesarem
1026 2964 1055 3017 et
1067 2954 1230 3031 Angrsstun

227 3055 312 3118 quarn
332 3035 462 3098 omnibus
482 3039 699 3116 imperatoribus
717 3049 747 3100 et
769 3038 939 3102 Caesaribus
960 3048 989 3101 et
1002 3039 1143 3117 Augustis
1159 3054 1229 3097 essa
1288 3071 1289 3096 ι

227 3120 386 3184 meliorem.
422 3119 550 3200 lalaoque
576 3120 626 3183 ille
647 3140 750 3201 parens
769 3123 912 3184 laoniarum
932 3123 1108 3200 deorumque
1128 3122 1228 3202 optinui

226 3209 318 3287 prins,
334 3204 437 3266 deinde
451 3207 564 3268 maximi
575 3209 688 3268 nornine
704 3206 817 3268 solitar.
832 3206 897 3281 Quo
909 3204 1083 3286 praeclarior
1093 3204 1156 3267 laus
1165 3213 1227 3282 tua,

227 3308 314 3369 quem
327 3305 385 3350 non
398 3291 489 3350 nnus
504 3299 616 3352 sorsat
629 3292 764 3370 optimum
779 3307 941 3370 essequam
956 3291 1114 3352 maximone
1135 3287 1264 3350 sose-ss

227 3383 311 3434 entus
332 3391 366 3432 es
379 3390 484 3434 nomen
499 3373 576 3452 quea
591 3374 627 3434 ad
640 3373 724 3435 aliurn
737 3375 857 3436 transire
868 3391 926 3434 non
939 3374 1050 3452 possit,
1067 3374 1123 3434 nisi
1135 3381 1167 3434 ut
1180 3389 1229 3452 ap·
1287 3377 1288 3428 l

226 3466 325 3534 pareat
344 3455 374 3514 in
394 3455 471 3516 lsono
489 3458 618 3535 prineipe
632 3456 770 3535 alienum,
793 3459 822 3518 iu
837 3456 911 3520 malo
926 3457 1043 3535 lalsunr‚
1069 3455 1146 3535 quod
1159 3453 1229 3518 lioel

226 3553 324 3597 omnes
345 3546 447 3612 postea
467 3549 623 3617 usurpent,
650 3556 766 3617 semper
785 3550 878 3600 umen
899 3549 1073 3618 agnoscetur
1093 3549 1124 3600 ut
1140 3550 1226 3600 tuum.
