2616 4096
230 259 292 324 lto
654 262 688 324 G.
709 261 807 324 PLllll

203 414 343 487 pcissime
358 423 460 475 amen.
478 414 521 476 lta
533 414 661 494 adsuevi,
676 423 706 476 et
721 433 796 476 nunc
813 424 911 475 eustos
924 412 1016 474 adest.
1037 410 1183 488 Gallinam,
1198 420 1225 472 ut

229 515 245 557 a
260 505 289 558 te
305 498 429 576 missam,
444 498 567 559 libenter
578 501 695 579 accepi;
710 515 793 577 quam
809 500 878 559 satis
892 497 1005 558 acribus
1016 495 1121 573 oculis,
1138 513 1225 575 quam

229 599 311 661 quam
325 581 417 642 adhuc
427 581 534 662 lippus,
552 583 763 662 pinguissimam
777 582 843 642 vidi.
876 578 956 643 Vale.

508 815 534 865 G.
551 812 674 865 PLINIUS
685 713 829 864 ffiONI
848 809 908 862 SUO
925 808 950 860 S.
1230 753 1243 806 ⁵

204 940 218 992 1
288 913 380 975 llinus
405 914 552 976 miraberis
578 933 624 975 me
648 924 703 975 tam
724 917 862 976 instanter
881 913 991 992 petisse
1012 920 1042 971 ut
1060 913 1089 971 iu
1114 913 1227 971 amioum

228 1013 321 1056 meum
338 998 486 1060 conferres
500 1000 683 1076 tribunatum,
709 1017 773 1058 cum
795 999 896 1059 scieris
919 997 982 1075 quis
1004 995 1053 1055 ille
1069 993 1226 1073 qualisque.

228 1078 346 1141 Possum
361 1091 454 1142 autem
468 1085 522 1144 iam
536 1083 587 1142 tibi
600 1091 629 1142 et
641 1098 743 1141 nomen
758 1081 881 1141 indicare
900 1091 929 1141 et
944 1080 1113 1140 describere
1127 1081 1224 1156 ipsum,

205 1174 378 1243 ppostqnam
400 1164 558 1243 polliceris.
590 1164 644 1226 Est
660 1162 810 1224 Cornelius
831 1162 1014 1239 llinicianus,
1037 1170 1258 1224 ornamentunro

228 1249 353 1325 regionis
380 1266 461 1310 meae
483 1267 535 1309 seu
556 1248 691 1327 dignitate
714 1265 769 1309 seu
792 1248 926 1308 moribus.
963 1244 1052 1306 Natus
1078 1242 1224 1324 splendide

228 1331 349 1392 abundat
361 1332 551 1406 facultatibus,
563 1341 637 1392 amat
652 1331 788 1393 studiant
807 1331 902 1392 solent
918 1348 1072 1410 pauperes.
1096 1326 1175 1388 ldem
1185 1346 1224 1386 re·

228 1417 371 1476 ctissimus
391 1416 493 1490 iudex,
520 1414 691 1476 fortissimus
715 1415 887 1492 advocatus,
910 1416 1016 1474 amicus
1039 1412 1223 1473 fidelissimus.

202 1497 387 1577 3Accepisse
401 1507 430 1558 te
445 1499 614 1558 beneficium
632 1497 752 1574 credes,
780 1516 843 1558 curn
860 1499 978 1577 propius
1000 1498 1164 1576 inspexeris
1178 1494 1223 1554 luo·

225 1582 346 1660 minem,
363 1582 491 1642 omnibus
506 1581 681 1659 honoribus,
698 1582 827 1643 omnibus
841 1581 930 1644 titulis
944 1579 1028 1661 (nilrll
1042 1578 1112 1641 volo
1129 1579 1222 1640 elatius
1232 1579 1255 1632 lt

227 1663 263 1725 de
277 1665 486 1728 modestissimo
500 1669 562 1726 viro
579 1665 691 1742 dicere)
707 1681 812 1743 parem.
841 1664 922 1726 Vale.

406 1895 434 1950 G.
453 1893 579 1947 PLlNlUS
595 1797 928 1946 FABAXTgllI’llOSOGERO
947 1891 1007 1944 SUO
1027 1891 1054 1946 S.

203 2013 216 2062 1
290 1991 405 2056 Gaudeo
419 1995 532 2073 quidem
546 2014 613 2056 esse
630 2006 658 2056 te
674 2005 730 2056 tam
745 1995 848 2056 lortom
862 2004 894 2055 ut
906 1993 1058 2056 Mediolani
1073 1999 1254 2055 occurrerent
1288 1983 1289 2004 ¹

225 2075 322 2137 Tironi
337 2080 449 2155 possis,
469 2078 521 2139 sed
542 2086 572 2138 ut
587 2097 760 2158 perseveres
777 2099 844 2141 esse
858 2089 914 2140 tam
931 2079 1025 2155 lortis,
1038 2095 1112 2156 rogo
1128 2097 1164 2137 ne
1177 2075 1223 2136 tibi

226 2169 324 2221 contra
343 2163 480 2223 rationem
503 2164 603 2222 aetatis
626 2173 729 2223 tantum
751 2162 856 2223 laboris
879 2165 1017 2241 iniungas.
1050 2160 1222 2234 Quinimmo
1287 2187 1288 2210 ι

224 2242 359 2305 denuntio
375 2255 405 2306 nt
427 2244 506 2305 illum
527 2254 557 2306 et
577 2245 651 2305 domi
671 2256 700 2306 et
720 2248 791 2307 intra
806 2247 917 2308 domum
938 2245 1030 2324 adque
1053 2247 1139 2306 etiam
1159 2247 1222 2303 intra

199 2328 349 2398 peubicnli
371 2328 455 2390 limen
478 2339 643 2408 exspectes·
674 2328 787 2390 Etenim
804 2348 867 2390 curu
881 2349 898 2390 a
910 2349 957 2390 me
971 2339 1002 2389 ut
1020 2328 1108 2390 irater
1128 2325 1222 2406 diliga-

225 2420 282 2490 tur,
294 2431 351 2474 non
368 2413 454 2475 debet
469 2413 555 2474 abeo
570 2432 655 2492 quem
672 2430 729 2491 ego
743 2415 868 2492 parentis
883 2412 950 2474 loco
968 2413 1092 2473 observo
1107 2414 1255 2490 exigerem

226 2495 350 2557 cilicium
363 2497 441 2576 quod
456 2499 565 2577 parenti
580 2514 632 2559 suo
645 2498 811 2558 remisisset.
842 2496 923 2557 Vale.

666 2627 785 2690 xxllll.

507 2729 819 2785 c.rnm1usonn1uo
840 2727 901 2780 suo
921 2729 948 2783 S.

203 2838 218 2890 1
289 2826 426 2888 Ummidia
437 2826 612 2901 Quadratilla
623 2828 708 2907 paulo
719 2831 809 2890 minus
825 2831 1024 2906 octogensimo
1039 2829 1139 2889 aetatis
1154 2837 1253 2891 muoso

225 2908 363 2987 decessit,
378 2928 470 2989 usque
484 2909 712 2973 adnorissimam
726 2912 908 2973 valitudinem
917 2912 1025 2991 viridis,
1041 2911 1219 2990 adqueetiam
1284 2905 1285 2997 l

199 2993 297 3059 nultra
316 2993 497 3054 matronalem
516 2994 630 3055 modum
652 3007 802 3077 compacto
822 3012 945 3073 corpore
965 3005 995 3056 et
1009 2995 1137 3058 robusto.
1166 2993 1220 3054 lle·

224 3081 313 3141 cessit
327 3076 528 3140 honestissimo
544 3089 729 3142 testamento:
743 3081 857 3158 reliquit
871 3079 1006 3157 heredes,
1024 3097 1062 3140 ex
1076 3079 1163 3140 besse
1173 3093 1219 3136 ne·

225 3173 333 3242 potem,
351 3180 387 3222 ex
402 3163 483 3223 tertia
497 3173 578 3241 parte
592 3174 716 3244 neptem.
747 3162 870 3243 Neptem
885 3181 982 3241 parum
995 3165 1071 3240 nori,
1089 3169 1218 3241 nepotem
1283 3149 1284 3241 l

223 3245 438 3307 familiarissime
457 3246 562 3326 diligo,
584 3247 798 3309 adulescentem
810 3246 982 3325 singularem
997 3265 1052 3308 nec
1068 3247 1103 3309 iis
1117 3246 1251 3306 mammet

198 3338 299 3409 equos
317 3333 452 3407 sanguiue
469 3333 579 3409 attingit
594 3332 667 3392 inter
677 3334 853 3411 propinquos
864 3332 1018 3392 amandum.
1043 3329 1088 3390 Ac
1104 3331 1216 3410 primum

224 3415 395 3491 conspicuus
411 3414 501 3475 iorma
520 3433 619 3476 omnes
639 3433 786 3475 sermones
808 3415 992 3493 malignorum
1009 3423 1039 3474 et
1052 3431 1125 3493 puer
1139 3421 1168 3474 et
1178 3414 1216 3471 iu·

222 3498 302 3556 renis
320 3499 425 3557 evasit:
446 3501 517 3559 intra
538 3509 667 3578 quartum
682 3507 712 3559 et
730 3500 916 3560 vicensimum
931 3516 1031 3560 annum
1048 3499 1171 3572 maritus,
1189 3501 1216 3554 et
1281 3561 1282 3568 χ

1268 3801 1281 4045 l
