2614 4104
433 288 701 352 PANEGYRIGUS
717 298 866 354 47.48.49.
1089 291 1153 358 267

145 449 210 502 unte
224 450 272 518 te,
288 459 388 520 magna
403 452 470 521 post
489 452 535 521 te,
551 445 627 504 iuxta
641 451 670 503 te
684 449 776 502 tannen
791 443 908 502 naxium
922 444 1020 521 quies:
1046 453 1152 506 tautam

145 526 252 604 ubique
269 525 428 604 silentium,
449 536 505 587 tam
518 526 592 588 altus
606 525 699 607 pudor
713 534 743 586 ut
757 526 793 586 ad
810 543 916 605 paruos
929 535 1050 606 penates
1066 537 1096 588 et
1111 527 1150 589 la·

145 627 206 670 rem
227 619 377 688 angustum
399 627 437 669 ex
458 610 540 671 domo
561 611 698 689 principis
720 610 876 670 modestiae
897 617 926 670 et
940 609 1150 689 tranquillitatis

145 692 277 772 exempla
289 693 457 754 referantur.
488 693 556 772 lpse
573 703 711 760 autemut
732 695 845 772 excipis
868 692 979 754 omnes!
1007 703 1039 753 ut
1059 687 1202 774 expe-48

118 776 223 837 oetas!
248 786 277 837 ut
298 795 426 854 magnam
441 786 552 857 partem
568 778 675 838 dierum
694 779 769 838 inter
783 787 826 838 tot
841 778 953 857 imperii
970 792 1052 839 curas
1068 780 1150 857 quasi

145 878 198 938 per
212 863 299 921 otium
316 861 462 939 transigis!
484 861 584 941 ltaque
598 878 654 921 non
669 860 717 922 alii
731 870 760 922 et
774 863 901 938 attoniti,
917 879 973 923 nec
990 870 1021 920 ut
1034 865 1149 940 perieu-

143 944 201 1003 lum
216 946 317 1024 capitis
333 944 433 1006 adituri
448 944 594 1022 tarditate,
621 944 673 1006 sed
688 947 784 1006 securi
800 953 829 1005 et
840 943 962 1022 hilares,
992 963 1055 1005 eum
1072 963 1149 1007 corn·

143 1027 258 1088 modum
274 1037 336 1104 cst,
355 1030 548 1091 convenimus.
571 1027 609 1088 Et
622 1028 786 1090 admittente
801 1030 934 1107 principe
949 1030 1088 1091 interdum
1103 1039 1149 1092 est

144 1111 252 1190 aliquid
267 1112 344 1191 quod
361 1127 414 1175 nos
430 1113 505 1172 domi
521 1115 601 1192 quasi
615 1115 704 1189 magis
718 1113 913 1174 necessarium
927 1121 1036 1181 teneat:
1062 1131 1148 1174 excu-
1252 1152 1255 1158 ,

99 1205 136 1258 lt)
145 1199 198 1260 sati
213 1213 330 1275 semper
344 1196 395 1256 tibi
409 1213 463 1256 nec
477 1213 607 1276 umquam
621 1197 775 1258 excusandi
792 1213 898 1256 sumus.
922 1196 987 1256 Scis
1003 1199 1078 1256 enim
1093 1197 1149 1257 sibi
1242 1216 1245 1225 ·

146 1296 288 1358 quemque
302 1289 449 1359 praestare
465 1280 540 1358 quod
557 1279 712 1357 tetidem,
736 1277 811 1359 quod
828 1279 1006 1358 frequentem
1020 1298 1054 1340 ac
1068 1290 1146 1340 tanto

144 1362 292 1423 liberalius
306 1381 341 1423 ao
354 1363 455 1423 diutius
470 1363 624 1442 voluptatis
639 1364 722 1425 huius
735 1364 847 1442 copiam
860 1363 994 1442 praebes.
1025 1362 1089 1424 Nec
1104 1377 1148 1424 sa·

144 1446 296 1509 lutationes
311 1456 373 1508 tuas
394 1448 461 1526 iuga
477 1457 507 1507 et
522 1450 639 1508 vastitas
654 1447 790 1526 sequitur.
820 1445 1020 1524 Remoramur,
1037 1448 1149 1508 resisti·

143 1548 224 1608 mus,
240 1541 270 1592 ut
282 1533 311 1590 in
324 1532 462 1592 communi
479 1531 580 1609 domo,
596 1547 679 1611 quam
689 1549 781 1610 nuper
797 1530 846 1592 illa
860 1531 1047 1592 inmanissima
1064 1531 1149 1592 belua

97 1613 265 1694 15plurimo
286 1625 397 1676 terrore
419 1617 572 1692 munierat,
600 1633 663 1675 cum
682 1614 762 1675 velut
783 1614 905 1694 quodam
925 1632 1015 1694 specu
1038 1614 1148 1677 inclusa

143 1715 219 1758 nunc
240 1701 463 1778 propinquorum
483 1699 649 1777 sanguinem
670 1696 808 1759 lamberet
831 1717 905 1758 nuuc
926 1716 960 1759 se
974 1697 1009 1757 ad
1024 1697 1149 1760 clarissi-

142 1799 252 1842 morum
264 1783 367 1842 civium
381 1791 494 1861 strages
506 1782 670 1861 caedesque
685 1782 839 1861 proferret.
860 1780 1091 1842 obversabantur
1105 1781 1149 1842 lo·

141 1867 222 1926 ribus
242 1866 344 1926 homor
365 1875 394 1926 et
413 1869 504 1927 minae
522 1877 551 1927 et
570 1885 622 1944 par
636 1875 728 1927 metus
743 1865 873 1927 admissis
887 1874 917 1926 et
934 1864 1070 1926 exclusis.
1103 1865 1163 1926 Ad.

141 1948 200 2010 boc
211 1951 274 2027 ipse
285 1967 408 2010 occursu
420 1967 535 2030 quoque
546 1952 668 2030 visuque
679 1948 829 2010 terribilis:
846 1949 982 2027 superbia
998 1951 1027 2007 in
1042 1948 1147 2026 fronte,

97 2035 184 2093 wira
202 2035 231 2093 in
251 2033 360 2112 oeulis,
385 2034 526 2094 femineus
544 2033 639 2112 pallor
658 2035 688 2093 in
701 2049 843 2113 corpore,
870 2035 900 2092 in
916 2049 968 2093 ore
984 2033 1149 2112 inpudentia

141 2115 230 2177 multo
244 2118 349 2178 rubore
364 2117 479 2178 suffusa.
516 2116 580 2177 Non
594 2117 671 2179 adire
686 2119 844 2196 quisquam,
861 2135 918 2177 non
932 2116 1049 2195 adloqui
1062 2117 1149 2178 aude·

141 2201 191 2262 bat
205 2201 337 2263 tenebras
358 2219 473 2281 semper
491 2210 693 2281 secretumque
715 2210 874 2280 captantem
894 2219 950 2261 nec
966 2218 1097 2281 umquam
1111 2218 1149 2260 ex

142 2283 296 2346 solitudine
308 2303 359 2346 sua
373 2283 572 2365 prodeuntem,
587 2287 640 2345 nisi
654 2295 684 2345 ut
701 2283 882 2346 solitudinem
895 2284 1014 2344 iaceret.
1037 2284 1090 2345 llle
1104 2293 1146 2344 ta·
1157 2287 1199 2350 49

141 2386 224 2446 men,
240 2369 343 2448 quibus
360 2369 415 2429 sibi
429 2369 584 2448 parietibus
604 2379 633 2430 et
648 2370 734 2429 muris
749 2368 869 2429 salutem
886 2383 965 2428 suam
979 2370 1054 2427 tueri
1066 2367 1146 2428 uide·

97 2453 241 2530 25batur,
263 2451 359 2512 dolum
373 2469 473 2513 secum
489 2462 518 2513 et
533 2451 647 2513 insidias
666 2460 696 2512 et
709 2451 831 2513 ultorem
847 2449 993 2512 scelerum
1009 2450 1094 2511 deum
1105 2453 1147 2512 in·

143 2535 239 2596 clusit.
264 2536 391 2597 Dimovit
406 2536 604 2617 perfregitque
619 2535 762 2597 custodias
776 2552 869 2615 poena
881 2543 1081 2614 angustosque
1095 2552 1148 2614 per

141 2618 234 2681 aditus
255 2630 285 2680 et
304 2620 485 2696 obstructos,
508 2637 564 2681 non
586 2637 672 2682 secus
692 2636 727 2678 ac
741 2638 795 2698 per
808 2627 921 2697 apertas
936 2617 1014 2680 lorea
1033 2627 1063 2679 et
1078 2619 1148 2679 inui-

141 2705 227 2764 tantis
243 2702 354 2781 limina,
374 2703 494 2781 inrupit;
522 2704 668 2782 longeque
682 2711 749 2764 tunc
764 2702 806 2763 illi
820 2703 951 2763 divinitas
966 2719 1034 2780 sua,
1060 2701 1149 2780 longe

142 2805 244 2848 arcana
258 2787 306 2848 illa
321 2787 425 2848 cubilia
441 2789 579 2867 saeuique
593 2803 746 2864 secessus,
762 2789 790 2846 in
802 2802 874 2866 quos
886 2787 988 2847 timore
1002 2795 1032 2847 et
1048 2804 1149 2867 super·

99 2871 188 2934 aubia
202 2881 232 2933 et
243 2871 308 2932 odio
324 2872 466 2932 homiuum
480 2872 624 2949 agebatur.
653 2869 765 2944 Quanto
778 2889 852 2932 nuno
866 2873 970 2949 tutior,
985 2880 1090 2950 quanto
1102 2888 1149 2932 se·

144 2956 239 3016 eurior
261 2955 360 3016 eadem
384 2955 502 3033 domus,
528 2965 679 3036 postquam
701 2972 757 3016 non
774 2953 957 3026 crudelitatis
978 2954 1030 3016 sed
1045 2955 1149 3016 amoris

144 3039 292 3114 excubiis,
318 3057 374 3100 non
395 3039 548 3100 solitudine
564 3049 594 3101 et
619 3039 749 3101 claustris
771 3039 825 3100 sed
850 3039 955 3109 civium
981 3037 1149 3098 celebritate

143 3122 316 3184 defenditur!
336 3123 449 3203 Ecquid
460 3141 532 3202 ergo
544 3122 680 3186 discimus
694 3125 892 3201 experimento
907 3122 1068 3182 fidissimam
1081 3138 1149 3182 esse

144 3206 301 3267 custodiam
317 3209 455 3286 principis
476 3209 568 3286 ipsius
583 3203 793 3268 innocentiam?
824 3204 903 3266 llaec
922 3223 973 3266 arx
986 3206 1148 3281 inaccessa,

98 3290 200 3354 diboe
214 3291 437 3371 inexpugnabile
450 3294 666 3368 munimentum,
688 3291 860 3349 munimento
873 3303 931 3348 non
946 3305 1045 3366 egere.
1079 3285 1148 3347 llru-

141 3383 201 3436 stra
216 3385 372 3436 aeternare
386 3377 560 3438 succinxerit
573 3375 622 3455 qui
633 3383 732 3453 septus
746 3374 863 3434 caritate
877 3388 935 3431 non
950 3371 1049 3432 luerit:
1064 3373 1148 3430 armis

142 3459 217 3520 enlm
231 3477 307 3519 arma
320 3460 476 3521 innitantur.
509 3457 583 3519 llum
597 3467 690 3520 autem
705 3458 795 3518 serias
806 3465 912 3517 tantum
927 3463 1025 3534 partes
1040 3453 1149 3515 dierum

141 3543 171 3602 in
185 3541 279 3603 oculis
293 3545 400 3604 nostris
422 3552 565 3622 coetuque
588 3537 753 3602 consumis?
781 3559 837 3600 non
856 3538 1072 3600 remissionibus
1092 3539 1149 3599 tuis
