2632 4096
392 310 656 376 EPISTULARUM
677 313 727 373 lll.
752 323 794 376 19.

531 464 651 526 xvim.

304 584 331 638 G.
350 583 476 636 PLINIUS
496 580 646 634 onovlsm
664 581 753 634 RUFO
768 579 865 632 SUOS

130 723 257 786 Adsumo
278 732 308 784 te
328 725 357 783 in
378 721 526 782 consilium
546 723 588 781 rei
608 721 769 800 familiaris,
795 732 825 783 ut
845 721 937 785 soleo.
976 718 1116 788 Praedial

70 811 163 886 tagris
183 809 257 868 meis
278 809 371 867 vicina
388 816 473 884 atque
495 808 578 866 etiarn
592 807 699 866 Inserta
712 806 823 867 uenalia
838 815 911 868 sont.
940 806 973 868 ln
986 807 1030 870 bis
1044 822 1091 865 me

90 893 171 953 multa
192 891 363 968 sollicitant,
385 889 478 968 aliqua
498 908 553 950 nec
571 891 679 951 minora
693 889 846 951 deterrent.
878 891 1020 954 Sollicitat
1033 891 1117 969 pri-2

89 995 159 1036 mum
172 978 237 1055 lpsa
251 973 432 1055 pulchritudo
451 974 602 1052 iungendi,
624 973 726 1034 deinde
747 975 825 1054 quod
844 991 902 1037 non
916 978 1007 1037 minus
1021 976 1092 1038 utile

90 1077 167 1140 quarn
181 1059 386 1139 voluptuosum
399 1075 488 1138 posse
505 1069 623 1137 utraque
638 1059 737 1118 eadem
753 1077 851 1138 opera,
868 1059 972 1122 eodem
987 1062 1090 1122 viatico

89 1147 220 1220 invisere,
237 1143 290 1203 sub
306 1142 409 1204 eodem
423 1151 609 1222 procuratore
623 1160 658 1203 ac
672 1160 763 1222 paene
777 1142 868 1205 isdem
882 1145 1026 1206 actoribus
1042 1146 1090 1206 ba·

54 1227 164 1305 lohere,
180 1245 265 1287 onam
278 1225 374 1286 villam
395 1226 494 1286 colere
510 1235 540 1287 et
554 1243 671 1302 ornare,
693 1225 810 1286 alteram
822 1236 928 1288 tanturn
941 1230 1023 1288 tueri.
1045 1228 1117 1289 ln·3

89 1312 210 1373 estbuic
233 1313 436 1390 computationi
456 1321 584 1390 sumptus
606 1309 814 1389 supellectilis,
836 1321 965 1392 sumptus
987 1313 1089 1372 atrien-

88 1398 165 1475 sium,
181 1397 379 1475 topiariorum,
394 1395 539 1455 fabrorum
553 1404 637 1473 atque
652 1395 735 1455 etiam
749 1397 888 1456 venatorii
899 1397 1089 1466 instrumenti;

88 1499 156 1558 quae
171 1480 324 1560 plurimum
344 1478 435 1540 refert
454 1498 539 1539 unum
558 1478 700 1539 inlocum
721 1480 853 1541 conferas
873 1498 908 1540 an
929 1478 1090 1542 ln'diversa

88 1564 245 1643 dispergas.
277 1560 382 1624 Contra
401 1581 507 1624 vereor
526 1582 563 1623 ne
585 1564 622 1623 sit
641 1565 784 1624 incautum
803 1583 864 1626 rem
884 1574 939 1625 tam
961 1571 1116 1643 magnamd

51 1652 79 1702 15
87 1648 173 1708 isdem
194 1647 431 1727 tempestatibus,
456 1647 548 1708 isdem
569 1647 683 1708 casibus
705 1647 845 1708 subdere:
870 1650 957 1709 tutius
977 1648 1091 1710 videtur

86 1733 190 1793 incerta
216 1732 349 1792 fortunae
373 1733 591 1811 possessionum
614 1732 796 1792 varietatibus
821 1734 954 1811 experiri.
997 1732 1089 1792 llabet

86 1816 164 1875 etiam
179 1815 299 1876 multum
313 1814 491 1877 iucunditatis
508 1814 562 1876 soli
575 1815 707 1894 caelique
719 1816 834 1875 mutatio
845 1815 1026 1894 ipsaque-illa
1037 1834 1089 1895 pe-

84 1902 236 1978 regrinatio
257 1901 331 1959 inter
352 1918 412 1960 sua.
444 1898 519 1978 lam,
547 1899 624 1978 quod
646 1898 858 1960 deliberationis
870 1909 986 1960 nostrae
1003 1909 1114 1980 eaput5

86 1994 143 2061 est,
173 1986 235 2062 agri
259 1993 323 2044 sunt
344 1982 455 2044 fertiles
476 1985 598 2063 pingues
620 1986 737 2062 aquosi,
766 1993 896 2044 constant
917 1986 1024 2063 campis
1046 1987 1088 2045 vi·

49 2070 144 2129 tonsis
160 2067 259 2145 silvis,
283 2085 356 2147 quae
370 2069 513 2128 materiam
529 2077 557 2127 et
572 2085 609 2128 ex
624 2086 658 2127 ea
675 2068 795 2129 reditum
809 2070 883 2129 sicut
897 2067 1039 2129 modicum
1049 2071 1089 2138 ita

86 2159 182 2212 statum
206 2159 362 2230 praestant.
394 2151 452 2212 Sed
472 2152 545 2212 baec
567 2150 690 2212 felicitas
705 2161 799 2212 terrae
813 2151 957 2214 inbeciIlis
974 2153 1115 2216 cultori-6

85 2235 135 2296 bus
156 2235 301 2314 fatigator.
328 2233 399 2294 Nam
419 2249 575 2315 possessor
589 2237 669 2314 prior
684 2237 800 2314 saepius
814 2236 942 2298 vendidit
956 2239 1086 2315 pignora,

86 2327 112 2378 et
126 2318 189 2379 dum
201 2319 315 2397 reliqua
331 2319 496 2379 colonomm
508 2321 607 2380 minuit
620 2320 656 2379 ad
670 2326 793 2398 tempus,
809 2322 886 2382 vires
899 2323 927 2380 in
940 2330 1088 2399 posterum

87 2403 230 2478 exhausit,
253 2421 370 2482 quarum
391 2403 555 2464 defectione
574 2423 672 2464 rursus
692 2403 803 2483 reliqua
823 2414 983 2465 creverunt.
1019 2404 1114 2466 Snnrr

49 2485 153 2565 lbergo
173 2486 332 2549 instruendi
347 2505 385 2546 eo
404 2487 494 2566 pluris
509 2487 585 2568 quod
606 2488 681 2565 frugi
696 2489 858 2566 mancipiis:
879 2506 943 2548 nam
953 2506 1008 2548 nec
1022 2490 1087 2567 ipse

84 2588 199 2650 usquam
206 2573 322 2632 vinctos
332 2572 424 2632 babeo
433 2590 488 2632 nec
497 2573 535 2632 ibi
545 2573 701 2651 quisquam.
713 2571 853 2650 Superest
864 2581 895 2632 ut
905 2575 980 2632 scias
992 2573 1088 2651 quanti

84 2654 232 2716 videantur
245 2671 335 2736 posse
352 2658 421 2726 erni;
436 2659 569 2717 sestertio
583 2659 698 2732 tricies,
714 2671 771 2715 non
786 2657 853 2734 quia
866 2672 923 2715 non
936 2654 1086 2735 aliqnando

87 2741 270 2818 quinquagies
284 2739 398 2816 fuerint,
415 2757 514 2800 rerum
529 2750 558 2801 et
572 2740 625 2801 bac
641 2741 776 2818 paenuria
791 2738 959 2800 colonorum
969 2750 999 2802 et
1010 2757 1087 2801 com·

86 2825 156 2882 moni
174 2825 313 2902 temporis
333 2825 480 2902 iniquitate
495 2834 526 2886 ut
539 2823 647 2886 reditus
666 2842 797 2903 agrorum
812 2825 854 2884 sic
868 2826 951 2887 etlam
965 2827 1087 2904 pretinm

51 2903 160 2965 loretro
174 2908 252 2969 abiit.
286 2906 407 2981 Quaeris
423 2926 458 2968 an
472 2909 529 2970 boc
543 2911 637 2987 ipsum
650 2911 748 2971 tricies
764 2907 849 2970 facile
865 2908 1004 2988 colligere
1019 2916 1114 2990 pos-8

88 2988 191 3051 sfrnus?
211 3009 274 3052 snm
290 2991 403 3070 quidem
417 3009 510 3072 prope
524 3001 601 3054 totus
616 2996 644 3052 in
659 2991 801 3072 praediis,
817 2991 923 3072 aliquid
936 3003 1029 3054 tamen
1044 2993 1086 3053 fe·

88 3090 164 3152 nero,
180 3093 237 3135 nec
252 3075 403 3136 molestum
419 3079 473 3137 erit
486 3079 619 3146 mutuari;
636 3078 774 3156 accipiam
786 3094 803 3137 a
815 3093 912 3154 socru,
929 3079 1009 3138 cuius
1020 3094 1087 3136 arca

88 3173 140 3217 non
155 3177 241 3219 secus
256 3177 291 3220 ac
305 3178 369 3220 mea
382 3171 456 3221 utor.
483 3160 604 3223 Proinde
618 3162 674 3221 boc
689 3171 719 3223 te
735 3178 793 3221 non
806 3171 930 3237 moveat,
949 3162 973 3221 si
989 3168 1114 3221 ceteralt

88 3257 140 3300 non
158 3243 356 3322 refragantur,
383 3263 456 3324 quae
480 3245 567 3305 velim
589 3263 672 3324 qnam
697 3244 911 3322 diligentissime
931 3243 1085 3304 exarnines.

52 3321 156 3384 asban
179 3345 243 3387 eum
260 3329 288 3388 in
310 3329 439 3389 omnibus
463 3329 551 3390 rebus
569 3339 628 3390 tum
647 3333 675 3390 in
699 3327 882 3406 disponendis
905 3325 1086 3388 facultatibus

88 3407 230 3486 plurimum
246 3413 297 3472 tibi
313 3422 342 3473 et
355 3431 425 3474 usus
439 3423 468 3474 et
483 3412 679 3493 providentiae
694 3420 835 3492 superest.
866 3408 947 3471 Vale.
