2616 4096
272 253 534 317 urrsrusrnuu
549 268 573 320 1.
588 266 653 320 aa.
667 257 789 335 [nnn]
805 258 892 336 spa]
968 332 972 344 ¹
1022 256 1119 320 seo

94 407 288 486 praefecturam
301 409 402 469 aerarii
418 408 548 486 Saturni,
567 410 697 470 omnibus
709 409 958 486 advocationibus,
980 410 1090 486 quibus,

92 491 187 570 alioqui
201 510 348 570 numquam
362 509 439 553 eram
454 495 618 570 promiscue
632 492 764 571 iunctus,
786 493 959 570 renuntiavi,
977 500 1006 552 ut
1020 502 1082 553 toto
1109 487 1113 497 ’

92 576 173 634 animo
188 574 320 653 delegato
336 575 403 636 milri
418 575 514 637 cilicio
529 593 670 638 vacarem.
705 577 766 651 Qua
781 595 819 637 ex
835 593 936 654 causa,
954 594 1018 636 cum
1035 585 1109 655 pai

92 668 192 718 nonum
205 675 250 720 me
267 658 458 739 provinciales
473 669 621 738 optassent
642 669 738 721 contra
752 660 870 720 Marium
884 660 1029 735 Priscum,
1054 669 1084 721 et

73 744 154 820 speri
166 744 275 803 veniam
285 743 368 803 buius
380 745 505 805 muneris
520 753 550 806 et
564 745 714 822 inpetrari.
742 743 801 804 Sed
819 761 882 805 curn
897 751 997 824 postea
1016 760 1084 803 cous

91 825 130 886 sul
153 825 316 905 designatus
343 829 504 888 censuisset
524 828 664 906 agendum
684 829 849 904 uobiscum,
877 844 996 907 quorum
1023 833 1084 887 erat

92 913 226 970 excusatio
241 919 370 990 recepta,
387 920 418 970 ut
432 929 561 972 essemus
576 913 605 971 in
619 922 735 974 senatus
750 921 894 991 potestate
909 919 1083 990 pateremur·

91 1012 140 1072 que
158 995 268 1054 nomina
288 1004 384 1055 nostra
404 997 432 1054 in
452 1013 548 1056 urnam
569 997 678 1074 conici,
703 997 1001 1057 convenientissimum
1015 1013 1086 1057 esse·

90 1077 274 1158 tranquillitati
294 1077 403 1140 saeculi
421 1081 461 1140 tui
481 1081 577 1159 putavi
597 1081 765 1158 praesertim
779 1090 836 1141 tarn
851 1077 1014 1141 moderatae
1032 1097 1082 1139 vo·
1114 1073 1117 1078 ’

58 1160 179 1224 l⁰luntati
199 1162 364 1242 amplissimi
385 1161 490 1223 ordinis
511 1181 568 1222 non
587 1181 758 1242 repugnare.
791 1161 843 1223 Cui
861 1163 1002 1241 obsequio
1017 1175 1108 1228 meod

90 1256 151 1324 opto
169 1256 198 1306 ut
211 1248 357 1308 existimes
374 1256 504 1307 constare
522 1249 679 1325 rationem,
701 1265 765 1306 cum
786 1245 879 1307 omnia
899 1245 974 1306 iacta
994 1247 1082 1306 dicta·

90 1347 139 1409 que
152 1349 212 1391 mea
228 1330 352 1409 probare
367 1331 553 1393 sanctissimis
568 1331 695 1392 moribus
710 1332 767 1392 tuis
782 1331 902 1409 cupiam,
1003 1332 1005 1337 '

543 1463 621 1525 xxi.

58 1584 83 1636 ,5
417 1464 580 1614 rasssrrlus
598 1465 702 1614 rgmro
721 1562 748 1617 S.

142 1660 178 1722 Et
194 1664 266 1724 civis
282 1671 312 1723 et
332 1667 472 1724 senatoris
490 1664 556 1725 boni
577 1664 705 1744 partibus
727 1664 842 1726 iunctus
857 1684 890 1726 es
912 1665 1084 1744 obsequium

89 1744 243 1824 amplissimi
258 1747 375 1826 ordinis,
391 1747 467 1827 quod
479 1749 632 1809 iustissime
644 1748 788 1826 exigebat,
801 1749 980 1827 praestando.
1004 1746 1083 1822 Quas

89 1839 176 1906 partes
191 1831 362 1910 inpleturum
378 1840 407 1891 te
421 1833 577 1892 secundum
592 1840 757 1911 susceptam
774 1833 858 1893 fidem
871 1831 992 1893 conlido.

56 2006 83 2059 ,0
387 2037 388 2040 Ν
506 1964 668 2045 1111.[111.1

305 2061 332 2118 G.
353 2062 478 2114 PLINIUS
492 2064 637 2115 TRAIANO
654 2063 864 2115 intinitatem.

143 2162 321 2243 Indulgentia
335 2172 397 2244 tua,
412 2167 565 2244 imperator
578 2170 702 2246 optime,
724 2183 807 2244 qum
828 2165 1021 2245 plenissimam
1036 2182 1112 2232 ex·1

89 2249 196 2326 perior,
216 2248 345 2315 hortatur
357 2266 404 2310 me
418 2259 449 2311 at
464 2250 582 2311 audeam
601 2251 650 2312 tibi
667 2252 750 2310 etiam
765 2264 817 2328 pro
834 2251 933 2310 amicis
948 2249 1086 2326 obligari;

88 2329 155 2390 iuter
168 2347 244 2412 quos
256 2332 310 2392 sibi
325 2332 373 2393 vel
388 2336 572 2415 praecipuum
585 2333 680 2395 locum
694 2333 818 2394 vindicat
829 2333 974 2398 Voconius
984 2330 1086 2392 Roma-

56 2415 152 2490 tiuns,
172 2417 213 2492 ab
230 2419 347 2477 incunte
368 2427 461 2478 aetate
483 2416 697 2497 condiscipulus
719 2426 748 2477 et
764 2415 976 2478 contubernalis
994 2432 1085 2476 meus.

90 2494 193 2568 Quibus
209 2519 248 2560 ex
263 2502 357 2562 causis
373 2511 402 2562 et
416 2521 432 2563 a
446 2502 513 2563 divo
531 2512 612 2582 patre
628 2512 678 2563 tuo
694 2503 832 2581 petieram
846 2510 877 2561 ut
892 2498 972 2559 illum
986 2501 1016 2560 in
1029 2513 1113 2564 aur-2

89 2579 240 2657 piissimum
254 2582 380 2645 ordinem
395 2595 588 2666 promoveret.
611 2585 670 2646 Sed
682 2585 740 2646 lroc
754 2594 851 2648 votum
865 2601 958 2645 meum
969 2584 1086 2644 bonitati

89 2671 151 2726 tuae
164 2678 344 2730 reservatum
360 2679 417 2748 est,
434 2672 499 2748 quin
513 2679 602 2734 mater
617 2669 736 2730 Romani
747 2667 945 2729 liberalitatem
961 2669 1088 2728 sestertii

90 2749 332 2831 quadringenties,
360 2753 437 2835 quod
464 2753 596 2816 conierre
623 2772 657 2815 se
678 2753 735 2813 lilio
757 2751 900 2813 codicillis
921 2751 956 2813 ad
978 2761 1088 2831 patrem

56 2838 159 2899 sotuum
174 2837 293 2914 sc'riptis
310 2837 442 2915 proiessa
458 2836 566 2916 iuerat,
587 2837 710 2898 noudum
730 2839 799 2898 satis
818 2836 947 2914 legitime
964 2855 1088 2916 perege·

90 2926 142 2988 rat;
157 2919 234 2999 quod
250 2929 350 2999 postea
363 2920 433 2981 iecit
447 2922 587 2983 admonita
603 2940 618 2981 a
632 2922 728 2983 nobis.
746 2920 818 2981 Nam
832 2931 861 2980 et
875 2921 978 2982 fundos
994 2930 1113 2982 eman-3

91 3001 190 3078 cipavit
204 3012 235 3064 et
256 3014 354 3066 cetera
374 3023 447 3083 quae
462 3008 490 3066 in
512 3007 737 3085 emancipatione
752 3005 886 3085 inplenda
900 3005 996 3068 solent
1011 3006 1087 3081 exigi
1116 3049 1125 3090 ·.

91 3091 297 3148 consummavit.
318 3086 389 3148 cum
400 3091 437 3150 sit
452 3107 523 3168 ergo
538 3091 643 3149 linitum
657 3089 734 3168 quod
747 3109 817 3169 spes
832 3099 945 3149 nostras
959 3087 1114 3162 morabut

90 3173 146 3246 tur,
166 3189 223 3230 non
238 3175 301 3234 siue
315 3190 414 3250 magua
431 3172 532 3252 iiducia
546 3173 684 3252 subsigno
700 3175 774 3255 apud
789 3182 819 3233 te
837 3172 920 3233 fldem
934 3188 987 3250 pro
1003 3172 1088 3230 mori-
1106 3189 1108 3194 ’

55 3248 139 3312 asbus
158 3251 276 3315 Romani
296 3259 369 3331 rnei,
393 3273 466 3335 quos
488 3267 518 3319 et
533 3256 664 3318 liberalia
685 3257 777 3320 studia
792 3264 930 3316 exornant
943 3264 974 3315 et
988 3256 1089 3314 eximia
1117 3297 1127 3312 .

91 3334 193 3413 pictas,
222 3357 276 3418 qua
295 3340 368 3400 banc
388 3341 479 3419 ipsam
501 3343 596 3402 matris
615 3339 813 3402 liberalitatem
834 3349 863 3398 et
884 3340 978 3400 statim
1000 3338 1088 3416 patris

91 3415 271 3482 hereditatem
286 3432 315 3485 et
328 3423 511 3502 adoptionem
524 3443 541 3485 a
554 3426 657 3486 vitrico
674 3425 784 3483 mcruit.
806 3424 903 3500 Auget
915 3422 987 3483 haec
1002 3430 1030 3481 et
1040 3433 1113 3483 na·5
1143 3496 1147 3502 θ

91 3499 182 3562 talium
197 3515 226 3568 et
236 3515 413 3588 paternarum
423 3508 585 3570 facultatum
597 3506 747 3588 splendor:
763 3508 866 3588 quibus
881 3505 1004 3586 singulis
1018 3502 1088 3565 rnul-
