2632 4102
628 279 661 342 G.
683 278 780 342 PLINI

673 432 712 493 Vl
728 479 736 494 .

477 533 503 584 0.
522 531 647 587 PLlNIUS
664 433 808 584 ΜΑῙΟΗΙΝΟ
827 529 888 582 SUO
907 530 946 585 S:

178 662 192 713 1
265 649 341 712 Here
356 670 372 712 a
386 661 486 712 senatu
499 651 643 712 Vestricio
659 653 816 731 Spurinnae
832 651 961 730 principe
976 659 1094 711 auctore
1111 652 1211 712 trium·

201 733 293 814 phalis
311 744 403 796 statua
423 733 541 796 decreta
560 744 622 813 est,
648 752 704 794 non
724 737 761 796 ita
783 745 814 795 ut
834 732 928 794 multis
947 735 995 812 qui
1016 752 1165 814 numquam
1179 737 1210 795 in

201 819 264 878 acie
285 828 441 896 steterunt,
463 836 612 897 numquam
637 827 729 902 castra
750 818 896 896 viderunt,
920 835 1069 897 numquam
1084 819 1239 899 denique5

201 901 330 961 tubarum
346 919 446 963 sonum
462 903 515 963 nisi
531 903 559 960 in
574 901 749 981 spectaculis
764 901 922 979 audierunt,
940 919 1038 962 verum
1048 910 1079 962 ui
1090 900 1147 963 illis
1160 905 1211 982 qui

176 983 291 1048 ddecus
306 985 383 1044 istud
398 985 503 1046 sudore
519 994 548 1045 et
561 987 697 1064 sanguine
714 995 744 1046 et
762 984 845 1046 iactis
866 986 1104 1063 adsequebantur.
1136 984 1211 1046 Nam

201 1068 341 1147 Spurinna
355 1068 522 1130 Bructerum
534 1087 635 1147 regem
645 1071 674 1129 vi
686 1079 715 1130 et
726 1070 809 1130 armis
821 1068 928 1129 induxit
940 1069 968 1128 iu
979 1087 1098 1147 regnum
1111 1079 1211 1131 osteu-

176 1165 179 1170 ·
200 1159 317 1231 tatoque
338 1152 417 1213 bello
436 1153 642 1214 ferocissimam
662 1162 796 1230 gentem,
824 1153 900 1232 quod
921 1161 966 1213 est
986 1151 1209 1231 pulcherrimum

161 1236 338 1298 'auctorne
358 1256 469 1315 genus,
491 1246 601 1297 terrore
623 1237 791 1315 perdomuit.
825 1235 863 1297 lit
884 1235 942 1295 hoc
962 1236 1076 1315 quidem
1093 1239 1209 1299 virtutis
1220 1260 1256 1310 10

200 1321 365 1398 praemium,
381 1319 451 1381 iliud
467 1319 604 1382 solacium
618 1319 726 1380 doloris
743 1321 874 1397 accepit,
893 1319 970 1398 quod
986 1318 1043 1380 filio
1059 1322 1120 1382 eius
1138 1319 1209 1382 cot·

199 1405 251 1480 tio,
267 1421 351 1482 quem
364 1407 456 1466 amisit
470 1404 594 1482 absens,
615 1403 726 1466 babitus
742 1397 786 1464 e'st
801 1403 892 1464 bonor
907 1412 1026 1464 statuae.
1059 1403 1163 1464 Rarum
1178 1405 1209 1465 id

199 1488 226 1546 in
241 1488 361 1548 iuvene:
382 1488 434 1549 sed
449 1498 530 1567 pater
545 1487 601 1548 hoc
617 1506 731 1567 quoque
747 1488 919 1565 merebatur,
936 1488 1016 1548 cuius
1036 1489 1208 1565 gravissimo

176 1568 311 1632 ivulneri
324 1589 426 1650 magno
441 1571 536 1650 aliquo
551 1572 677 1631 fomento
698 1569 866 1631 medendum
881 1570 942 1630 init.
971 1569 1122 1646 Praeterea
1136 1569 1208 1632 Got-

199 1655 255 1714 tius
269 1655 333 1733 ipsc
349 1664 404 1715 tam
420 1655 526 1716 clarum
541 1655 689 1735 specimen
704 1653 806 1715 indolis
823 1646 939 1716 dederat
950 1663 980 1715 ut
994 1656 1052 1715 vita
1066 1657 1128 1716 eius
1140 1656 1208 1716 bre·
1218 1672 1253 1723 15

198 1740 243 1798 vis
254 1747 289 1798 et
310 1749 430 1818 angusta
446 1739 577 1800 debuerit
591 1739 645 1799 hac
661 1737 740 1800 velut
756 1736 955 1799 inmortalitate
971 1737 1102 1818 proierri.
1133 1738 1208 1800 Nam

198 1831 274 1882 tanta
288 1823 315 1882 ei
335 1825 488 1901 sanctitas,
504 1825 645 1902 gravitas,
665 1824 822 1903 auctoritas
838 1823 938 1901 etiarn,
955 1831 984 1882 nt
1000 1832 1102 1901 posset
1118 1842 1207 1886 senes

199 1902 265 1965 illos
288 1923 447 1984 provocare
468 1909 592 1985 virtute,
616 1906 717 1985 quibus
738 1924 814 1968 nuuc
833 1905 942 1966 honore
959 1904 1132 1986 adaequatus
1148 1917 1204 1969 est.

173 1986 264 2060 asson
280 1989 394 2067 quidem
408 1989 535 2068 honore,
554 2000 687 2068 quantum
703 2008 759 2068 ego
774 1992 964 2069 interpretor,
982 2007 1039 2049 non
1054 1991 1138 2051 modo
1154 1991 1206 2051 de·

198 2071 288 2131 iuncti
307 2074 478 2151 memoriae,
499 2072 590 2134 dolori
605 2075 704 2152 patris,
719 2091 818 2134 verum
833 2075 917 2134 etiam
933 2073 1066 2151 exemplo
1083 2092 1253 2153 prospe-20

199 2163 275 2214 ctum
291 2165 345 2216 est.
376 2156 491 2217 Acuent
510 2158 545 2219 ad
568 2157 658 2218 bonas
679 2166 756 2219 artes
780 2159 954 2218 iuventutem
971 2157 1206 2220 adulescentibus

198 2255 324 2318 quoque,
342 2239 419 2318 digni
431 2241 486 2302 sint
500 2241 596 2319 modo,
612 2251 687 2303 tauta
698 2243 821 2321 praemia
835 2242 998 2319 constituta,
1013 2251 1116 2302 acuent
1127 2244 1206 2321 prin·

199 2323 279 2402 cipes
294 2325 372 2384 viros
388 2324 424 2387 ad
439 2323 547 2386 liberos
568 2324 768 2404 suscipiendos
789 2334 818 2385 et
834 2323 935 2402 gaudia
949 2343 986 2384 ex
1000 2327 1206 2404 superstitibus

174 2415 228 2477 fiet
243 2425 280 2466 ex
300 2408 410 2469 amissis
431 2417 487 2468 tam
504 2408 631 2487 gloriosa
647 2407 761 2470 solacia.
795 2407 845 2469 His
863 2426 901 2468 ex
918 2410 1012 2470 causis
1027 2419 1118 2470 statua
1133 2407 1204 2471 Got-

198 2491 217 2550 ti
234 2489 350 2570 publice
362 2491 471 2570 laetor,
494 2511 549 2554 nec
570 2495 699 2573 privatim
714 2494 815 2554 minus.
848 2490 947 2552 Amavi
964 2495 1202 2555 consummatissi·
1213 2515 1250 2566 25

196 2592 270 2633 mum
289 2577 422 2637 iuvenem
445 2585 499 2636 tam
520 2577 669 2655 ardenter,
698 2594 781 2656 quam
802 2595 876 2636 nunc
892 2577 1062 2656 inpatienter
1076 2580 1202 2657 requiro.

195 2656 257 2718 Erit
272 2677 343 2737 ergo
359 2671 523 2739 pergratum
538 2660 604 2721 mibi
623 2660 697 2722 banc
718 2659 844 2738 effigiem
867 2661 928 2720 eius
952 2660 1071 2722 subinde
1086 2663 1202 2742 intueri,

196 2741 315 2802 subinde
327 2745 488 2822 respicere,
503 2745 557 2805 sub
569 2744 623 2805 bac
635 2746 806 2822 consistere,
820 2753 935 2824 praeter
944 2743 1017 2805 banc
1030 2763 1201 2807 commeare.

170 2833 186 2888 t
194 2822 308 2884 Etenim
321 2827 346 2886 si
361 2825 558 2888 defunctorum
571 2829 709 2906 imagines
724 2828 799 2889 domi
809 2829 920 2907 positae
934 2826 1062 2890 dolorem
1074 2839 1203 2891 nostmm

196 2906 302 2987 levant,
319 2919 421 2988 quanto
436 2913 525 2989 magis
540 2912 594 2973 bae
609 2914 712 2992 quibus
725 2913 753 2971 in
765 2910 954 2978 celeberrimo
966 2911 1032 2973 loco
1044 2931 1101 2974 non
1114 2913 1200 2975 modo
1209 2938 1249 2994 30
1310 2989 1311 2998 ἵ

196 2994 313 3071 species
335 3002 365 3054 et
386 2993 481 3056 vultus
502 2995 614 3057 illorum
628 2998 681 3058 sed
695 2995 788 3056 bonor
804 2997 887 3056 etiam
902 3005 932 3056 et
948 2995 1041 3074 gioria
1054 2994 1201 3059 refertur?
1308 2999 1310 3024 ¹

194 3074 274 3138 Vale.

658 3162 736 3224 vin.

474 3261 502 3320 (i.
520 3261 644 3315 PLINIUS
661 3259 796 3313 ‘causalo
811 3259 873 3314 SUO
890 3263 918 3314 S.

170 3371 184 3422 l
256 3361 361 3424 Studes
382 3337 424 3423 an
438 3365 558 3442 piscaris
580 3383 615 3424 an
636 3365 749 3426 venaris
771 3384 807 3426 an
828 3365 911 3428 simul
932 3363 1045 3428 omnia?
1075 3367 1198 3428 Possunt
1207 3377 1246 3432 35

194 3447 268 3505 enirn
284 3447 376 3506 omnia
389 3445 472 3507 simul
488 3447 550 3507 iieri
564 3447 600 3508 ad
611 3446 720 3508 barium
735 3459 870 3512 nostrum.
893 3447 964 3510 Nam
978 3449 1060 3512 lacus
1075 3452 1197 3530 piscem,

192 3527 269 3591 ieras
283 3528 374 3590 silvae
389 3530 491 3609 quibus
506 3528 587 3592 lacus
605 3531 742 3610 cingitur,
758 3533 849 3595 studia
863 3533 1016 3597 altissimus
1025 3535 1081 3597 iste
1097 3553 1198 3596 seces·
