2632 4096
368 300 632 364 EPISTULARUM
646 301 697 364 lll.
719 312 762 368 20.
779 313 823 367 21.
1058 301 1101 366 65

102 453 202 532 aliquid
216 471 272 514 non
292 455 397 515 humile
416 473 472 516 nee
494 455 636 518 sordidum
650 474 705 516 nee
719 457 836 536 privatis
850 455 937 516 rebus
950 455 1098 517 inclusum.

103 536 169 597 Sunt
182 537 295 616 quidem
316 547 417 598 euneta
431 539 484 598 sub
500 543 581 599 unius
596 539 727 617 arbitrio,
752 539 799 618 qui
818 555 872 617 pro
886 538 1006 599 utilitate
1022 552 1142 604 eom-12

101 625 172 680 muni
187 621 267 682 solus
290 624 413 682 omnium
428 641 511 683 enras
525 623 698 702 laboresque
713 625 857 703 suscepit:
879 621 991 702 quidam
1006 633 1100 684 tamen

102 703 202 764 salubri
223 713 447 784 temperamento
468 707 503 766 ad
521 725 575 767 nos
597 705 812 785 quoquerelut
831 707 884 765 rivi
905 724 942 766 ex
956 705 1006 766 illo
1021 707 1100 768 beni·

79 789 232 865 sanissimo
253 789 333 850 fonte
354 789 522 868 decurrunt,
545 806 617 869 quos
638 799 668 850 et
690 790 802 852 bannire
822 791 878 868 ipsi
893 800 922 850 et
936 789 1100 851 absentibus

100 874 191 932 amieis
207 876 288 951 quasi
301 875 459 934 ministrare
474 873 605 952 epistulis
620 890 781 952 possumus.
810 872 892 962 Vale.
991 923 995 931 .

290 1105 316 1155 G.
335 1105 461 1158 PLINIUS
480 1005 640 1158 ΟΟΗΝξέΙΙΟ
658 1104 772 1158 Pulsco
791 1103 852 1156 SUO
870 1105 897 1159 S.

65 1212 92 1264 lo
154 1207 248 1269 Audio
263 1207 405 1270 Valerium
420 1207 575 1270 Martialem
589 1208 752 1269 decessisse
764 1217 793 1268 et
803 1207 925 1270 moleste
936 1208 1010 1270 iero.
1031 1208 1124 1276 Erat1

99 1291 178 1352 bomo
196 1294 372 1370 ingeniosus.
384 1301 483 1352 acutus
504 1310 591 1370 aeer,
615 1302 644 1352 et
665 1294 712 1370 qui
729 1291 878 1371 plurimum
897 1293 926 1351 iu
947 1292 1099 1352 scribendo

100 1385 127 1436 et
141 1375 209 1436 salis
222 1376 343 1436 baberet
359 1386 388 1437 et
403 1375 481 1436 fellis
496 1393 552 1436 nee
567 1376 699 1438 eandoris
712 1377 816 1444 minus.
835 1374 1007 1436 Prosecutus
1023 1389 1125 1442 erama

98 1460 197 1522 mairo
210 1459 410 1521 seeedeutem:
423 1459 556 1530 dederam
566 1459 622 1520 boo
634 1461 783 1538 amicitiae,
796 1459 928 1520 dederam
939 1461 1023 1520 etiam
1033 1479 1098 1523 ver-

96 1539 192 1604 'sieulis
212 1559 288 1623 quos
304 1542 340 1603 de
354 1559 400 1603 me
416 1545 586 1623 composuit.
615 1543 680 1604 lluit
693 1546 781 1604 moris
798 1546 903 1622 antiqui
919 1561 972 1604 eos
986 1547 1035 1624 qui
1049 1544 1124 1607 vel3

64 1633 93 1686 15
100 1628 271 1705 singulorum
293 1625 392 1688 landes
412 1627 460 1686 vel
483 1628 593 1687 urbium
614 1629 789 1706 seripserunt
809 1636 857 1688 aut
877 1628 1033 1688 bonoribus
1053 1638 1100 1688 aut

98 1713 215 1790 pecunia
238 1728 357 1779 ornare;
378 1714 482 1772 uostris
502 1728 574 1770 vero
593 1711 770 1790 temporibus
790 1711 894 1771 utalia
915 1714 1049 1790 speciosa
1070 1721 1100 1771 et

98 1798 211 1873 egregia
225 1798 264 1856 ita
278 1795 335 1855 boe
350 1796 379 1854 in
395 1796 493 1874 primis
508 1794 641 1855 exolevit.
669 1794 741 1854 Nam
755 1804 905 1874 postquam
920 1794 1044 1854 desimus
1059 1795 1099 1854 ia·

98 1895 162 1938 aare
176 1877 331 1955 laudanda,
353 1878 458 1940 laudari
475 1895 589 1957 quoque
604 1881 730 1958 ineptum
744 1887 882 1956 putamus.
914 1877 1035 1952 Quaeris
1051 1881 1125 1958 quis

98 1964 150 2022 sint
164 1962 302 2024 versiculi
317 1963 418 2040 quibus
439 1964 556 2040 gratiam
570 1959 688 2023 rettulit
715 1961 901 2024 llem1tterem
914 1971 944 2022 te
958 1962 994 2023 ad
1007 1964 1100 2042 ipsum

62 2045 237 2126 itrolumeq,
249 2048 305 2106 nisi
317 2045 454 2124 quosdam
464 2055 604 2106 tenerem:
620 2055 660 2122 tu,
678 2049 702 2106 si
716 2047 874 2125 placuerint
887 2047 925 2121 bi,
942 2055 1056 2107 eeteros
1071 2049 1099 2107 in

98 2127 167 2190 libro
182 2131 325 2210 requires.
355 2128 525 2208 Adloquitur
544 2128 668 2207 blusam,
692 2130 805 2191 mandat
824 2139 854 2190 ut
876 2131 989 2190 domum
1008 2137 1124 2192 meam5

15 2209 19 2236 ⁵
98 2210 219 2292 Esquilis
235 2222 364 2293 quaerat,
380 2214 463 2274 adeat
476 2222 656 2275 reverenter:

219 2315 221 2318 ·
248 2296 299 2358 sed
314 2315 351 2357 ne
366 2307 498 2374 ternpore
511 2314 568 2358 non
582 2307 633 2357 tuo
648 2296 780 2358 disertam

248 2381 350 2460 pulses
364 2382 442 2442 ebria
456 2383 565 2440 ianuam
579 2380 691 2441 videto:

62 2471 92 2524 25
246 2473 323 2525 totus
337 2465 385 2525 dat
397 2465 516 2524 tetrieae
531 2463 593 2524 dies
607 2463 764 2541 Minervae,

248 2548 314 2608 dum
328 2557 439 2608 eentum
455 2547 549 2609 studet
563 2548 677 2608 auribus
691 2550 815 2608 morum

247 2633 304 2692 boe
320 2631 396 2710 quod
409 2631 524 2692 saecula
539 2633 705 2710 posterique
719 2633 830 2710 possint

247 2717 363 2795 Arpinis
380 2732 495 2794 quoque
510 2732 675 2793 eomparare
692 2715 804 2776 ubertis.

247 2817 329 2860 seras
342 2801 429 2859 tutior
442 2799 496 2858 ibis
513 2798 550 2859 ad
563 2798 710 2859 lucernas:

64 2891 94 2947 uo
246 2883 320 2943 baeu
334 2882 404 2942 bora
419 2890 540 2960 eattae,
557 2899 621 2942 enm
636 2883 703 2942 furit
715 2881 843 2958 Lyaeus,

248 2983 311 3026 eum
325 2974 426 3044 regnat
439 2982 521 3040 rosa,
538 2985 602 3026 eum
616 2963 728 3026 madent
743 2963 852 3044 oapilli:

245 3059 313 3110 tune
327 3068 374 3109 me
388 3048 436 3109 vel
450 3049 535 3127 rigidi
548 3049 644 3127 legunt
658 3049 792 3110 Catones.

99 3129 234 3194 lleritoue
249 3151 312 3194 eum
328 3135 377 3212 qui
390 3133 463 3193 baee
477 3133 513 3194 de
525 3151 571 3192 me
583 3134 697 3213 seripsit
710 3142 739 3194 et
750 3141 817 3194 tune
828 3132 920 3194 dimisi
930 3131 1123 3192 amicissimeb

101 3225 128 3276 et
146 3235 220 3278 nune
240 3227 271 3277 ut
292 3219 490 3278 amicissimum
512 3216 675 3278 defunctum
694 3233 761 3280 esse
783 3212 891 3276 doleo?
916 3213 1003 3276 Dedit
1024 3214 1099 3273 euim

64 3299 163 3362 senili
178 3308 311 3380 quantum
324 3302 472 3360 maximum
487 3302 593 3380 potuit,
615 3300 729 3362 daturus
748 3299 885 3380 amplius,
909 3298 934 3357 si
947 3300 1097 3376 potuisset.

101 3381 221 3444 Tametsi
280 3384 308 3446 id
323 3385 428 3446 bomini
441 3393 539 3463 potest
557 3384 617 3445 dari
636 3387 724 3445 maius
747 3401 829 3462 quam
845 3382 936 3460 gloria
951 3389 981 3441 et
995 3379 1056 3440 laus
1071 3387 1101 3440 et

101 3468 246 3528 aeternitas
287 3468 333 3530 Ad
346 3486 403 3529 non
418 3477 500 3528 erunt
513 3477 628 3530 aeterna
644 3486 717 3547 qnae
732 3467 861 3545 seripsit:
875 3481 933 3526 non
948 3472 1029 3524 erunt
1042 3463 1100 3524 ior·

100 3558 186 3628 tasse,
201 3550 250 3612 ille
264 3561 358 3614 tanmn
373 3553 490 3630 seripsit
503 3561 643 3631 tamqnam
658 3560 757 3614 essent
770 3551 873 3614 lutura.
905 3548 986 3695 gale.

141 3639 210 3692 Puuu
224 3638 272 3694 Er.
