2614 4104
160 289 222 354 268
607 288 640 351 0.
661 289 758 350 Plllll

160 443 259 505 eadem
283 445 441 523 frequentia
462 444 620 524 eademque
643 442 691 502 illa
710 442 855 503 socialitas
874 439 1013 502 interestl
1042 459 1099 502 non
1120 441 1175 504 tilri

160 545 276 607 semper
296 529 324 587 in
342 528 435 588 medio
457 527 537 588 cibus
551 544 723 606 semperque
737 544 835 587 mensa
851 522 1026 586 communis?
1058 543 1118 586 nou
1134 543 1175 586 ex

163 614 297 672 convictu
313 619 412 672 nostro
427 621 521 672 mutua
536 607 690 690 voluptas?
710 628 766 670 non
778 627 920 689 provocas
932 609 1089 688 reddisquo
1105 627 1173 670 aer·

161 691 283 756 monesi
305 713 361 754 ooo
378 697 470 774 ipsum
490 704 603 778 tempus
621 692 765 773 epularum
784 701 909 768 tuarum,
933 711 997 753 cum
1017 692 1173 771 frugalitas

161 780 323 856 contrahat,
349 778 477 839 extendit
498 774 674 839 humanitas?
702 776 767 836 Nou
782 779 857 837 enim
871 787 936 837 aute
954 777 1077 836 modium
1092 777 1203 841 diemo

94 909 97 914 .
162 862 301 924 distentus
321 861 448 922 solitaria
470 880 541 922 cena
561 871 709 941 spectator
730 861 935 938 adnotatorque
955 862 1085 922 convivis
1111 863 1172 922 tuis

161 948 297 1021 immines,
319 964 374 1007 occ
395 946 497 1006 ieiunis
513 952 542 1005 et
558 945 687 1005 inanibus
703 943 830 1022 plenus
821 962 885 1023 rpse
907 952 937 1004 et
953 953 1085 1020 ructans,
1109 962 1173 1004 non

161 1038 217 1089 tam
231 1027 352 1106 adponis
368 1045 450 1108 quam
465 1028 556 1089 obicis
573 1029 654 1089 cibos
670 1044 742 1106 quos
760 1028 924 1105 dedigneris
940 1029 1096 1105 attingere,
1118 1045 1171 1088 ae·

161 1130 272 1190 greque
283 1130 442 1191 perpessus
453 1113 607 1190 superbam
618 1111 694 1170 illam
708 1113 855 1171 conmotus
871 1110 1090 1188 simulationem,
1105 1129 1170 1170 rur·

161 1213 210 1256 sus
221 1205 250 1255 tc
261 1195 296 1256 ad
307 1195 509 1257 clandestinam
519 1214 638 1274 ganeam
649 1193 849 1274 occultumque
861 1194 957 1254 luxum
967 1195 1070 1256 refers.
1085 1194 1169 1272 Ergo
1180 1203 1215 1254 10

161 1296 218 1339 nou
237 1297 333 1339 aarum
353 1299 409 1340 nec
426 1288 573 1358 argentum
594 1297 649 1339 nec
669 1280 809 1357 exquisita
830 1280 942 1356 ingenia
960 1295 1093 1338 cenarum
1114 1278 1170 1339 sed

161 1365 328 1424 suavitatem
342 1373 417 1424 tuam
432 1363 689 1440 iucunditatemque
700 1364 847 1440 miramur,
871 1363 974 1440 quium
988 1361 1066 1422 nulla
1079 1364 1169 1422 satie·

161 1456 205 1506 tas
225 1445 324 1523 adest,
346 1447 459 1524 quando
481 1448 593 1506 sincera
614 1447 706 1505 omnia
725 1457 755 1506 et
768 1465 836 1506 vera
857 1455 1000 1506 stomata
1015 1448 1167 1524 gmritate.

160 1528 263 1608 Neque
284 1531 357 1589 enim
379 1538 427 1588 aut
446 1531 620 1611 peregrinae
638 1531 849 1607 superstitionis
871 1531 1024 1590 ministeria
1046 1539 1093 1590 aut
1114 1529 1167 1590 ob·

162 1631 266 1673 scaena
281 1612 434 1692 petulantia
448 1616 554 1674 mensis
570 1613 708 1692 principis
724 1615 853 1690 oberrat,
876 1613 929 1674 sed
949 1614 1076 1691 benigna
1093 1614 1211 1673 invi-15

161 1699 230 1757 tatio
247 1708 276 1758 et
291 1695 426 1758 liberales
442 1699 500 1758 ioci
516 1707 544 1757 et
560 1697 716 1759 studiorum
730 1697 829 1758 honor.
865 1695 934 1758 Inde
949 1697 1000 1756 tibi
1014 1715 1119 1775 parcus
1137 1707 1168 1759 et

162 1781 260 1842 brevis
275 1799 391 1842 somnus
404 1781 568 1862 nullumque
584 1798 679 1841 amore
694 1784 783 1842 nostri
795 1790 908 1861 tempus
919 1782 1068 1858 angustius
1084 1799 1167 1860 quam

150 1864 277 1943 qaod
253 1883 314 1925 sme
330 1866 413 1926 nobis
426 1867 497 1943 agis.

84 1945 152 2010 50
227 1947 286 2008 Sed
302 1967 365 2008 cum
379 1949 466 2009 rebus
480 1950 535 2009 tuis
550 1957 581 2007 ut
596 1949 750 2028 participes
766 1949 960 2026 perfruamur,
981 1964 1055 2047 quae
1075 1948 1164 2010 hahe-

161 2049 223 2092 mus
237 2033 293 2108 ipsi
309 2049 391 2108 quam
407 2034 539 2110 propria,
556 2049 639 2111 quam
651 2041 747 2094 nostra
764 2031 842 2092 suot!
863 2030 928 2091 Non
945 2032 1019 2091 euim
1031 2033 1163 2094 exturba·
1172 2041 1208 2094 2⁰

160 2116 197 2174 tis
211 2114 353 2193 prioribus
368 2113 489 2175 dominis
509 2131 593 2176 omne
614 2125 759 2194 stagnum,
787 2133 898 2176 omnem
917 2114 1026 2193 lacum,
1052 2133 1164 2178 omnem

161 2199 245 2258 etiam
256 2197 357 2258 saltum
370 2200 496 2260 inmensa
510 2201 699 2279 possessione
712 2201 917 2274 circumvenis,
933 2216 989 2259 nec
1000 2201 1083 2260 unius
1095 2216 1163 2261 ocu-

159 2281 195 2342 lis
210 2281 322 2342 flumina
335 2283 429 2344 fontes
444 2284 528 2343 maria
546 2282 718 2344 deserviunt.
740 2282 794 2344 llst
809 2283 884 2362 quod
897 2280 1164 2344 caesareanorum

160 2365 272 2443 rideat,
298 2367 467 2447 tandemque
487 2369 634 2446 imperium
648 2368 784 2445 principis
799 2384 881 2446 quam
895 2367 1092 2446 patrimonium
1106 2387 1163 2428 ma·

161 2451 205 2511 ius
222 2458 277 2511 est.
310 2450 399 2512 llulta
419 2453 493 2512 enim
510 2469 546 2511 ex
561 2451 728 2529 patrimonio
746 2451 835 2511 refert
852 2451 880 2508 iu
894 2451 1060 2530 imperium,
1089 2470 1160 2530 quae
1169 2467 1204 2520 25

160 2536 273 2614 priores
287 2535 433 2615 principes
448 2534 642 2614 occupabant,
668 2550 725 2592 non
740 2543 770 2594 ut
784 2536 839 2613 ipsi
854 2533 1029 2610 fruerentur,
1057 2535 1111 2596 sed
1125 2555 1163 2599 ne

161 2619 224 2696 quis
239 2617 319 2679 alius.
341 2618 421 2697 llrgo
434 2621 462 2678 in
473 2620 596 2695 vestigia
610 2617 753 2697 sedesque
764 2617 901 2678 nobilium
915 2618 1064 2696 immigrant
1077 2636 1162 2697 pares

161 2701 281 2780 domiui,
301 2720 357 2762 nec
370 2705 424 2762 iam
440 2702 658 2764 clarissimomm
670 2704 795 2761 virorum
807 2700 991 2777 receptacula
1005 2701 1162 2764 habitatore

161 2801 247 2846 servo
267 2794 394 2844 teruntur
412 2796 460 2847 aut
480 2785 565 2846 foeda
579 2789 710 2846 vastitate
725 2785 921 2862 procumbunt.
956 2784 1046 2846 Datur
1059 2786 1161 2847 intueri

160 2867 364 2948 pulcherrimas
385 2869 471 2928 aedes
494 2869 610 2930 deterso
626 2872 682 2930 situ
697 2878 794 2929 auctas
808 2886 842 2928 ac
857 2870 998 2946 rigentes.
1030 2867 1203 2947 llagnumso

160 2953 217 3013 lroc
231 2960 309 3012 tuom
324 2969 381 3012 uon
395 2969 464 3030 erga
474 2951 603 3013 homines
616 2954 700 3014 modo
713 2952 766 3014 sed
777 2971 845 3030 erga
856 2960 933 3013 tecta
946 2953 1010 3031 ipsa
1020 2953 1160 3030 meritum,

162 3037 265 3098 sistere
279 3037 389 3110 ruinas,
406 3036 586 3097 solitudinem
601 3036 728 3115 pellere,
745 3037 868 3114 ingentia
885 3054 972 3115 opera
985 3035 1089 3096 eodem
1107 3054 1162 3114 quo

162 3131 291 3182 extructa
306 3129 370 3181 sunt
384 3122 475 3182 anino
487 3121 523 3180 ab
538 3122 652 3180 interitu
666 3121 820 3181 uindicare.
851 3119 927 3180 liuta
945 3119 1058 3198 quidem
1070 3119 1120 3180 illa
1134 3129 1162 3180 et

160 3206 250 3265 anima
263 3207 404 3281 carentia,
426 3207 532 3266 sentire
547 3212 639 3264 tamen
653 3213 683 3264 et
698 3204 795 3266 laetari
809 3205 941 3264 videntur
954 3202 1030 3282 quod
1044 3205 1159 3280 niteant,

163 3287 238 3367 quod
253 3287 478 3367 frequententur,
496 3287 571 3367 quod
582 3287 732 3364 aliquando
749 3290 897 3366 coeperint
911 3305 979 3348 esse
990 3286 1093 3346 domini
1108 3287 1200 3351 sci-tt

163 3373 245 3432 entis.
278 3369 483 3433 circumfertur
499 3373 553 3432 sub
567 3374 680 3431 nomine
696 3368 828 3431 Caesaris
842 3370 936 3430 tabula
953 3373 1055 3448 ingens
1068 3387 1160 3430 rerum

162 3453 315 3523 venalium;
340 3471 395 3532 que
410 3456 441 3514 lit
461 3454 626 3515 detestanda
640 3455 754 3515 avaritia
770 3453 846 3515 illius
862 3455 910 3532 qui
924 3462 981 3514 tam
994 3452 1080 3513 multa
1095 3471 1162 3514 corr·

164 3536 347 3613 cupisoebat,
366 3554 429 3595 cum
443 3536 562 3597 haberet
576 3554 754 3616 supervacua
769 3545 825 3596 tam
839 3536 933 3596 multa.
954 3536 1025 3596 'lum
1040 3536 1161 3599 exitialis
