2632 4096
400 281 660 346 EPISTULARUM
674 282 724 344 lll.
746 293 771 348 9.
1050 281 1091 344 55

96 446 270 518 praesentem
283 437 452 516 perducere.
486 437 575 496 Dices
591 442 659 496 ‘non
674 436 726 497 init
746 435 830 496 tanti.
854 434 921 515 qnid
935 435 1009 495 enim
1023 434 1132 496 mihim

97 539 155 582 cunr
175 531 231 582 tam
256 521 342 599 longa
370 518 531 599 epistrdai'
558 519 655 581 Nolito
683 537 754 596 ergo
779 517 933 579 identidem
953 535 1091 597 quaerere

96 605 158 683 quid
176 604 285 666 Romae
306 614 431 682 geratur.
461 603 499 664 Et
518 613 611 664 tamen
630 611 773 663 memento
787 620 844 662 non
859 619 926 662 esse
942 601 1092 679 epistulam

95 688 203 766 longam
218 707 292 767 quae
306 697 349 749 tot
362 689 441 765 dies,
464 695 507 748 tot
528 688 723 765 cognitiones,
744 695 787 747 tot
807 685 930 764 denique
945 702 1011 745 reos
1027 703 1092 745 cau·

74 783 195 851 osusque
210 771 361 850 complexa
376 774 421 831 sit.
457 769 537 844 Quae
552 771 643 831 omnia
656 769 757 830 videor
770 769 836 829 mibi
850 786 907 829 non
922 770 1012 828 minus
1027 769 1091 830 bre·
1100 778 1135 832 28

94 857 164 915 riter
186 873 270 934 quam
291 855 443 932 diligenter
461 863 642 933 persecutus.
681 853 802 914 Temere
823 853 879 913 dixi
900 853 1092 930 ‘diligenter’2

94 941 232 1000 succurrit
246 939 322 1017 quod
337 940 555 1018 praeterieram,
577 947 607 997 et
622 937 736 1016 quidem
750 954 834 1014 sero,
858 938 911 998 sed
927 954 1093 1015 quamquam

94 1032 295 1100 pmepostere,
322 1022 465 1083 reddetur.
501 1020 581 1082 Facit
605 1022 661 1082 hoc
686 1021 827 1082 Homerus
853 1020 991 1100 multique
1015 1019 1092 1079 illius

95 1106 245 1184 exemplo,
268 1114 313 1165 est
336 1106 441 1185 alioqui
456 1106 661 1185 perdeeorum,
682 1123 697 1165 a
712 1124 758 1165 me
773 1113 938 1165 tamennon
952 1104 1019 1164 ideo
1034 1106 1091 1165 liet.

61 1187 117 1248 loll
136 1191 259 1250 testibus
280 1189 391 1269 qnidam
410 1191 473 1249 sive
493 1191 597 1267 iratus,
620 1187 697 1268 quod
718 1198 854 1249 evocatus
876 1197 955 1248 esset
977 1189 1135 1266 invitasti

94 1273 152 1332 sire
167 1273 338 1333 subornatus
352 1274 387 1335 ab
403 1272 498 1352 aliquo
511 1291 636 1351 reorum,
652 1281 683 1331 ut
697 1273 907 1332 accusationem
923 1281 1091 1349 exarmaret,

94 1355 254 1417 Norbanum
268 1356 447 1432 Licinianum,
463 1356 587 1434 legatum
602 1367 631 1416 et
644 1356 856 1434 inquisitorem,
872 1373 952 1414 reum
966 1354 1095 1433 postula·

95 1441 141 1517 rit,
156 1450 298 1520 tamquam
312 1441 340 1500 iu
357 1458 441 1502 eausa
456 1438 559 1501 castae
573 1443 661 1520 (uxor
675 1440 747 1500 baec
762 1438 900 1517 Classici)
916 1439 1093 1516 praevarica-

94 1533 176 1584 retm.
197 1523 253 1584 Est
275 1524 344 1602 lege
360 1532 471 1586 cautum
491 1533 521 1584 ut
534 1541 601 1585 reus
618 1533 683 1584 ante
698 1533 861 1602 peragatur,
877 1532 945 1583 tune
960 1522 996 1582 de
1010 1533 1136 1601 prae-30

63 1610 252 1670 lovaricatcre
273 1618 439 1686 quaeratur,
466 1607 603 1680 videlicet
628 1611 692 1686 quia
714 1610 821 1686 optime
848 1625 885 1666 ex
910 1608 1093 1668 accusatione

96 1692 154 1768 ipsa
168 1695 344 1752 accusatoris
360 1691 431 1751 fides
447 1692 618 1753 aestimatur.
638 1690 771 1751 Norbano
787 1700 879 1751 mmen
893 1707 951 1749 non
965 1689 1036 1749 ordo
1051 1689 1092 1750 le·
1101 1701 1134 1754 31

95 1776 146 1852 gis,
162 1793 219 1835 uon
235 1775 324 1853 legati
338 1793 451 1853 nomen,
467 1792 524 1835 non
534 1775 722 1854 inquisitionis
734 1775 859 1834 cilicium
870 1773 1013 1851 praesidio
1025 1773 1092 1833 luit:

95 1865 165 1918 tanta
180 1859 365 1936 conflagravit
378 1859 481 1919 invidia
495 1859 580 1919 homo
599 1858 706 1937 alioqui
727 1857 884 1936 flagitiosus
900 1866 929 1917 et
943 1857 1094 1917 Domitiani

96 1943 267 2019 temporibus
289 1960 357 2001 usus
377 1951 408 2003 nt
427 1941 506 2002 multi
513 1943 715 2021 ,electusque
730 1952 797 2002 tunc
812 1961 829 2002 a
842 1942 989 2020 pmvincia
1002 1940 1061 2001 ad'
1052 1958 1094 2000 ιιι·

62 2025 276 2127 toquirendum,
292 2043 350 2087 nou
350 2007 502 2104 tamquam
517 2027 610 2086 bonus
625 2035 655 2087 et
669 2025 776 2104 tidelis,
792 2024 845 2084 scd
859 2035 999 2104 tamquam
1014 2023 1094 2086 (llas-

98 2110 144 2167 sici
158 2109 297 2170 inimicus.
316 2109 386 2169 Erat
400 2111 435 2169 ab
448 2108 499 2169 illo
513 2111 668 2187 relegatus.
691 2109 760 2170 Dari
774 2109 829 2170 sibi
844 2108 918 2169 diem
934 2118 964 2168 et
978 2109 1024 2168 edi
1039 2110 1093 2168 cri·
1081 2117 1135 2170 ·32

97 2194 164 2252 mina
182 2193 363 2273 postulabat:
388 2202 518 2253 neutrum
538 2195 713 2272 impetravit,
737 2203 854 2254 coactus
876 2201 921 2253 est
941 2193 1035 2252 statim
1047 2210 1094 2252 re·

98 2276 251 2353 spondere;
272 2276 437 2356 respondit,
454 2276 556 2337 malum
571 2294 744 2356 pravumque
761 2278 904 2355 ingenium
919 2277 1039 2336 hominis
1054 2275 1094 2334 ia-

99 2360 134 2418 cit
152 2369 183 2420 ut
203 2360 330 2421 dubitem
352 2359 527 2421 confidenter
547 2379 582 2420 an
596 2369 782 2438 constanter,
806 2371 886 2421 certe
905 2360 1093 2438 paratissime.

64 2440 214 2505 ttObiecta
228 2454 294 2504 sunt
313 2443 399 2504 multa
413 2462 486 2523 quae
500 2447 590 2522 magis
606 2463 688 2522 φιιιιιι
702 2445 906 2524 praevaricatio
921 2448 1137 2502 nocuerunt:33

101 2528 160 2604 quin
182 2531 268 2588 etiam
289 2528 345 2588 duo
366 2527 550 2606 consuleres,
573 2527 745 2606 Pomponius
760 2527 852 2588 Rufus
868 2535 897 2584 et
911 2524 981 2586 lilio
996 2525 1093 2602 Frugi,

100 2607 240 2670 laeserunt
255 2629 320 2671 eum
335 2613 513 2688 testimonio,
535 2621 674 2690 tamquam
693 2610 768 2689 apud
788 2609 911 2669 iudicem
931 2610 983 2669 sub
998 2609 1096 2668 Domi·

101 2694 168 2754 tiano
183 2695 262 2755 Salvi
278 2695 415 2756 Libemlis
436 2696 650 2756 accusatoribus
672 2695 817 2754 adfuisset.
847 2693 1001 2754 Damnatus
1018 2702 1046 2753 et
1066 2695 1138 2754 initi

101 2776 212 2840 insulam
234 2779 380 2857 relegatus
402 2787 454 2840 est.
488 2779 588 2858 ltaque
609 2796 673 2839 cnm
694 2775 808 2839 castam
822 2793 1004 2856 accusarem,
1026 2777 1095 2837 nibil

68 2863 183 2938 tomagis
204 2865 299 2942 pressi
320 2881 403 2942 quam
424 2863 500 2941 quod
521 2872 670 2924 accusator
690 2864 751 2922 eius
771 2864 1019 2941 praevaricationis
1042 2864 1095 2922 cri·

103 2945 168 3005 mine
192 2949 356 3007 corruisset.
389 2946 486 3006 Pressi
504 2956 597 3008 tamen
613 2947 731 3007 trustra:
757 2947 860 3007 accidit
874 2949 948 3006 enim
962 2963 1011 3007 res
1028 2962 1095 3004 con·

103 3031 178 3089 tran'a
192 3039 223 3090 et
235 3047 325 3109 nova,
346 3040 377 3090 ut
391 3041 559 3092 accusatore
575 3031 823 3108 pmevaricationis
839 3031 967 3092 damnato
982 3047 1031 3088 rea
1047 3028 1095 3086 ab·

104 3111 265 3174 solveretur.
289 3113 410 3188 Quaeris
426 3113 493 3194 quid
507 3131 571 3192 nos,
588 3112 652 3173 dum
666 3114 738 3174 haec
754 3111 894 3192 aguntur?
909 3113 1137 3174 Indicavimus35

105 3199 206 3256 senatui
226 3215 263 3258 ex
277 3196 409 3258 Norbano
426 3198 562 3258 didicisse
581 3216 634 3258 nos
655 3197 798 3276 publicam
814 3213 927 3260 causam
941 3211 1096 3272 rursusque

71 3275 205 3340 ttdebere
226 3299 264 3341 ex
284 3285 396 3360 integro
418 3281 548 3360 discere,
570 3284 594 3341 si
615 3281 665 3342 ille
686 3285 896 3360 praevaricator
914 3280 1095 3358 probaretur,

105 3359 188 3441 adque
208 3367 262 3439 ita,
283 3365 412 3426 dumille
428 3367 573 3444 peragitur
584 3383 662 3442 reus,
678 3365 817 3426 sedimus:
832 3373 934 3442 postea
947 3361 1096 3422 Norbanus

106 3449 225 3508 omnibus
241 3449 342 3511 diebus
364 3450 535 3527 cognitionis
555 3449 680 3510 interfuit
701 3448 874 3528 eandemque
889 3464 980 3526 nsque
996 3444 1030 3504 ad
1047 3463 1095 3504 ex·

106 3533 214 3590 bennum
228 3534 276 3594 rel
292 3535 475 3596 constantiam
490 3532 538 3594 vel
553 3533 700 3594 audaciam
715 3531 838 3611 pertulit.
864 3530 1039 3608 Interrogo
1029 3545 1095 3608 lpse
1104 3537 1137 3592 36
