<?xml version="1.0" encoding="UTF-8"?>
<!DOCTYPE html PUBLIC "-//W3C//DTD XHTML 1.0 Transitional//EN"
    "http://www.w3.org/TR/xhtml1/DTD/xhtml1-transitional.dtd">
<html xmlns="http://www.w3.org/1999/xhtml" xml:lang="en" lang="en">
 <head>
  <title>
</title>
<meta http-equiv="Content-Type" content="text/html;charset=utf-8" />
  <meta name='ocr-system' content='tesseract 3.04.00' />
  <meta name='ocr-capabilities' content='ocr_page ocr_carea ocr_par ocr_line ocrx_word'/>
</head>
<body>
  <div class='ocr_page' id='page_1' title='image "./epistularumlibr00plingoog_0009.png"; bbox 0 0 2632 4102; ppageno 0'>
   <div class='ocr_carea' id='block_1_1' title="bbox 169 297 806 349">
    <p class='ocr_par' dir='ltr' id='par_1_1' title="bbox 169 297 806 349">
     <span class='ocr_line' id='line_1_1' title="bbox 169 297 806 349; baseline 0.006 -4"><span class='ocrx_word' id='word_1_1' title='bbox 169 306 200 346; x_wconf 92' lang='lat' dir='ltr'>lv</span> <span class='ocrx_word' id='word_1_2' title='bbox 573 297 806 349; x_wconf 78' lang='lat' dir='ltr'>PRAEFATIO.</span> 
     </span>
    </p>
   </div>
   <div class='ocr_carea' id='block_1_2' title="bbox 166 451 1239 1700">
    <p class='ocr_par' dir='ltr' id='par_1_2' title="bbox 166 451 1239 1700">
     <span class='ocr_line' id='line_1_2' title="bbox 172 451 1238 526; baseline 0.003 -17"><span class='ocrx_word' id='word_1_3' title='bbox 172 459 248 509; x_wconf 84' lang='lat' dir='ltr'>turam</span> <span class='ocrx_word' id='word_1_4' title='bbox 260 460 284 508; x_wconf 91' lang='lat' dir='ltr'>et</span> <span class='ocrx_word' id='word_1_5' title='bbox 294 452 399 507; x_wconf 80' lang='lat' dir='ltr'>sormam</span> <span class='ocrx_word' id='word_1_6' title='bbox 408 451 464 509; x_wconf 80' lang='lat' dir='ltr'>libri</span> <span class='ocrx_word' id='word_1_7' title='bbox 473 453 546 508; x_wconf 89' lang='lat' dir='ltr'>talem</span> <span class='ocrx_word' id='word_1_8' title='bbox 557 468 610 508; x_wconf 80' lang='lat' dir='ltr'>esse</span> <span class='ocrx_word' id='word_1_9' title='bbox 619 453 768 517; x_wconf 82' lang='lat' dir='ltr'>iudicabam,</span> <span class='ocrx_word' id='word_1_10' title='bbox 786 453 882 526; x_wconf 87' lang='lat' dir='ltr'>qualem</span> <span class='ocrx_word' id='word_1_11' title='bbox 893 455 952 510; x_wconf 91' lang='lat' dir='ltr'>alias</span> <span class='ocrx_word' id='word_1_12' title='bbox 963 455 988 510; x_wconf 89' lang='lat' dir='ltr'>in</span> <span class='ocrx_word' id='word_1_13' title='bbox 998 456 1123 512; x_wconf 76' lang='lat' dir='ltr'>codicibus</span> <span class='ocrx_word' id='word_1_14' title='bbox 1138 456 1182 513; x_wconf 68' lang='lat'>³8.</span> <span class='ocrx_word' id='word_1_15' title='bbox 1193 457 1238 512; x_wconf 86' lang='lat' dir='ltr'>Na·</span> 
     </span>
     <span class='ocr_line' id='line_1_3' title="bbox 169 535 1238 609; baseline 0.003 -16"><span class='ocrx_word' id='word_1_16' title='bbox 169 537 226 593; x_wconf 78' lang='lat' dir='ltr'>carii</span> <span class='ocrx_word' id='word_1_17' title='bbox 244 537 269 590; x_wconf 90' lang='lat' dir='ltr'>iu</span> <span class='ocrx_word' id='word_1_18' title='bbox 288 535 412 592; x_wconf 86' lang='lat' dir='ltr'>baurissa’</span> <span class='ocrx_word' id='word_1_19' title='bbox 426 537 556 593; x_wconf 78' lang='lat' dir='ltr'>observavi.</span> <span class='ocrx_word' id='word_1_20' title='bbox 588 553 635 609; x_wconf 87' lang='lat' dir='ltr'>qua</span> <span class='ocrx_word' id='word_1_21' title='bbox 654 538 679 592; x_wconf 92' lang='lat' dir='ltr'>in</span> <span class='ocrx_word' id='word_1_22' title='bbox 699 552 726 592; x_wconf 90' lang='lat' dir='ltr'>re</span> <span class='ocrx_word' id='word_1_23' title='bbox 738 537 789 592; x_wconf 89' lang='lat' dir='ltr'>nisi.</span> <span class='ocrx_word' id='word_1_24' title='bbox 801 539 866 594; x_wconf 89' lang='lat' dir='ltr'>oculi</span> <span class='ocrx_word' id='word_1_25' title='bbox 878 547 903 593; x_wconf 91' lang='lat' dir='ltr'>et</span> <span class='ocrx_word' id='word_1_26' title='bbox 912 542 1028 600; x_wconf 78' lang='lat' dir='ltr'>monada</span> <span class='ocrx_word' id='word_1_27' title='bbox 1044 555 1085 595; x_wconf 88' lang='lat' dir='ltr'>mc</span> <span class='ocrx_word' id='word_1_28' title='bbox 1094 539 1238 606; x_wconf 74' lang='lat' dir='ltr'>tutelerunt,</span> 
     </span>
     <span class='ocr_line' id='line_1_4' title="bbox 168 618 1239 693; baseline 0.006 -19"><span class='ocrx_word' id='word_1_29' title='bbox 168 635 226 675; x_wconf 92' lang='lat' dir='ltr'>eum</span> <span class='ocrx_word' id='word_1_30' title='bbox 241 618 327 675; x_wconf 75' lang='lat' dir='ltr'>libatur</span> <span class='ocrx_word' id='word_1_31' title='bbox 341 620 494 693; x_wconf 73' lang='lat' dir='ltr'>epistolatum</span> <span class='ocrx_word' id='word_1_32' title='bbox 504 618 561 676; x_wconf 81' lang='lat' dir='ltr'>Goit&#39;</span> <span class='ocrx_word' id='word_1_33' title='bbox 570 619 647 676; x_wconf 75' lang='lat' dir='ltr'>Plinii</span> <span class='ocrx_word' id='word_1_34' title='bbox 666 636 739 692; x_wconf 87' lang='lat' dir='ltr'>quem</span> <span class='ocrx_word' id='word_1_35' title='bbox 756 621 882 678; x_wconf 86' lang='lat' dir='ltr'>undecimo</span> <span class='ocrx_word' id='word_1_36' title='bbox 893 624 990 678; x_wconf 89' lang='lat' dir='ltr'>saeculo</span> <span class='ocrx_word' id='word_1_37' title='bbox 1000 624 1025 678; x_wconf 89' lang='lat' dir='ltr'>iu</span> <span class='ocrx_word' id='word_1_38' title='bbox 1035 624 1181 680; x_wconf 90' lang='lat' dir='ltr'>monasterio</span> <span class='ocrx_word' id='word_1_39' title='bbox 1192 625 1239 680; x_wconf 87' lang='lat' dir='ltr'>Na·</span> 
     </span>
     <span class='ocr_line' id='line_1_5' title="bbox 169 704 1238 778; baseline 0.003 -18"><span class='ocrx_word' id='word_1_40' title='bbox 169 705 264 760; x_wconf 90' lang='lat' dir='ltr'>zariano</span> <span class='ocrx_word' id='word_1_41' title='bbox 281 705 389 760; x_wconf 76' lang='lat' dir='ltr'>extitisse</span> <span class='ocrx_word' id='word_1_42' title='bbox 410 705 536 776; x_wconf 84' lang='lat' dir='ltr'>catalogus</span> <span class='ocrx_word' id='word_1_43' title='bbox 560 704 589 759; x_wconf 94' lang='lat' dir='ltr'>ab</span> <span class='ocrx_word' id='word_1_44' title='bbox 609 705 704 776; x_wconf 79' lang='lat' dir='ltr'>Augelo</span> <span class='ocrx_word' id='word_1_45' title='bbox 725 705 788 760; x_wconf 86' lang='lat' dir='ltr'>llaio</span> <span class='ocrx_word' id='word_1_46' title='bbox 811 705 976 778; x_wconf 77' lang='lat' dir='ltr'>inspicilegii</span> <span class='ocrx_word' id='word_1_47' title='bbox 993 706 1096 763; x_wconf 84' lang='lat' dir='ltr'>Romani</span> <span class='ocrx_word' id='word_1_48' title='bbox 1115 707 1238 763; x_wconf 91' lang='lat' dir='ltr'>volumine</span> 
     </span>
     <span class='ocr_line' id='line_1_6' title="bbox 168 787 1237 860; baseline 0.005 -18"><span class='ocrx_word' id='word_1_49' title='bbox 168 788 253 860; x_wconf 81' lang='lat' dir='ltr'>quinto</span> <span class='ocrx_word' id='word_1_50' title='bbox 264 788 342 844; x_wconf 90' lang='lat' dir='ltr'>editus</span> <span class='ocrx_word' id='word_1_51' title='bbox 353 804 377 859; x_wconf 93' lang='lat' dir='ltr'>p.</span> <span class='ocrx_word' id='word_1_52' title='bbox 388 791 439 846; x_wconf 85' lang='lat'>190</span> <span class='ocrx_word' id='word_1_53' title='bbox 449 788 538 844; x_wconf 89' lang='lat' dir='ltr'>indicat</span> <span class='ocrx_word' id='word_1_54' title='bbox 549 789 614 842; x_wconf 90' lang='lat' dir='ltr'>bunc</span> <span class='ocrx_word' id='word_1_55' title='bbox 624 789 703 858; x_wconf 88' lang='lat' dir='ltr'>ipsum</span> <span class='ocrx_word' id='word_1_56' title='bbox 712 787 877 845; x_wconf 82' lang='lat' dir='ltr'>Florentinum</span> <span class='ocrx_word' id='word_1_57' title='bbox 888 790 997 846; x_wconf 83' lang='lat' dir='ltr'>codicem</span> <span class='ocrx_word' id='word_1_58' title='bbox 1009 806 1062 846; x_wconf 81' lang='lat' dir='ltr'>csse</span> <span class='ocrx_word' id='word_1_59' title='bbox 1072 791 1146 846; x_wconf 89' lang='lat' dir='ltr'>dicas.</span> <span class='ocrx_word' id='word_1_60' title='bbox 1179 807 1237 847; x_wconf 89' lang='lat' dir='ltr'>con-</span> 
     </span>
     <span class='ocr_line' id='line_1_7' title="bbox 169 870 1237 945; baseline 0.003 -19"><span class='ocrx_word' id='word_1_61' title='bbox 169 874 231 928; x_wconf 89' lang='lat' dir='ltr'>tinet</span> <span class='ocrx_word' id='word_1_62' title='bbox 242 879 323 926; x_wconf 88' lang='lat' dir='ltr'>autem</span> <span class='ocrx_word' id='word_1_63' title='bbox 334 877 391 943; x_wconf 89' lang='lat' dir='ltr'>pust</span> <span class='ocrx_word' id='word_1_64' title='bbox 401 871 495 942; x_wconf 72' lang='lat' dir='ltr'>Apuleii</span> <span class='ocrx_word' id='word_1_65' title='bbox 505 871 580 926; x_wconf 89' lang='lat' dir='ltr'>libms</span> <span class='ocrx_word' id='word_1_66' title='bbox 591 871 695 926; x_wconf 80' lang='lat' dir='ltr'>micorus</span> <span class='ocrx_word' id='word_1_67' title='bbox 707 870 762 927; x_wconf 86' lang='lat' dir='ltr'>iudo</span> <span class='ocrx_word' id='word_1_68' title='bbox 774 887 787 926; x_wconf 88' lang='lat' dir='ltr'>a</span> <span class='ocrx_word' id='word_1_69' title='bbox 798 872 815 928; x_wconf 83' lang='lat' dir='ltr'>l.</span> <span class='ocrx_word' id='word_1_70' title='bbox 833 876 866 930; x_wconf 79' lang='lat'>41</span> <span class='ocrx_word' id='word_1_71' title='bbox 884 873 955 929; x_wconf 88' lang='lat' dir='ltr'>Plinii</span> <span class='ocrx_word' id='word_1_72' title='bbox 969 875 1127 945; x_wconf 75' lang='lat' dir='ltr'>epistularum</span> <span class='ocrx_word' id='word_1_73' title='bbox 1144 885 1237 945; x_wconf 87' lang='lat' dir='ltr'>partem</span> 
     </span>
     <span class='ocr_line' id='line_1_8' title="bbox 168 954 1238 1030; baseline 0 -18"><span class='ocrx_word' id='word_1_74' title='bbox 168 972 221 1012; x_wconf 90' lang='lat' dir='ltr'>eam</span> <span class='ocrx_word' id='word_1_75' title='bbox 237 971 308 1027; x_wconf 88' lang='lat' dir='ltr'>quam</span> <span class='ocrx_word' id='word_1_76' title='bbox 318 956 343 1011; x_wconf 89' lang='lat' dir='ltr'>iu</span> <span class='ocrx_word' id='word_1_77' title='bbox 357 954 487 1028; x_wconf 84' lang='lat' dir='ltr'>archetypo</span> <span class='ocrx_word' id='word_1_78' title='bbox 497 955 569 1010; x_wconf 93' lang='lat' dir='ltr'>buius</span> <span class='ocrx_word' id='word_1_79' title='bbox 579 954 660 1025; x_wconf 87' lang='lat' dir='ltr'>stirpis</span> <span class='ocrx_word' id='word_1_80' title='bbox 675 955 749 1010; x_wconf 84' lang='lat' dir='ltr'>fuisse</span> <span class='ocrx_word' id='word_1_81' title='bbox 765 955 823 1010; x_wconf 86' lang='lat' dir='ltr'>dixi.</span> <span class='ocrx_word' id='word_1_82' title='bbox 856 972 912 1011; x_wconf 91' lang='lat' dir='ltr'>nam</span> <span class='ocrx_word' id='word_1_83' title='bbox 925 973 986 1029; x_wconf 91' lang='lat' dir='ltr'>quae</span> <span class='ocrx_word' id='word_1_84' title='bbox 1002 967 1058 1030; x_wconf 87' lang='lat' dir='ltr'>post</span> <span class='ocrx_word' id='word_1_85' title='bbox 1078 966 1171 1014; x_wconf 82' lang='lat' dir='ltr'>sextam</span> <span class='ocrx_word' id='word_1_86' title='bbox 1184 959 1238 1014; x_wconf 93' lang='lat' dir='ltr'>libri</span> 
     </span>
     <span class='ocr_line' id='line_1_9' title="bbox 169 1039 1236 1114; baseline 0.002 -19"><span class='ocrx_word' id='word_1_87' title='bbox 169 1040 246 1113; x_wconf 86' lang='lat' dir='ltr'>quinti</span> <span class='ocrx_word' id='word_1_88' title='bbox 256 1039 384 1110; x_wconf 88' lang='lat' dir='ltr'>epistulam</span> <span class='ocrx_word' id='word_1_89' title='bbox 395 1040 475 1096; x_wconf 87' lang='lat' dir='ltr'>addita</span> <span class='ocrx_word' id='word_1_90' title='bbox 486 1048 556 1103; x_wconf 83' lang='lat' dir='ltr'>sunt,</span> <span class='ocrx_word' id='word_1_91' title='bbox 574 1039 678 1108; x_wconf 86' lang='lat' dir='ltr'>epistula</span> <span class='ocrx_word' id='word_1_92' title='bbox 688 1040 790 1110; x_wconf 86' lang='lat' dir='ltr'>septima</span> <span class='ocrx_word' id='word_1_93' title='bbox 800 1045 825 1094; x_wconf 86' lang='lat' dir='ltr'>et</span> <span class='ocrx_word' id='word_1_94' title='bbox 836 1048 935 1095; x_wconf 81' lang='lat' dir='ltr'>octavae</span> <span class='ocrx_word' id='word_1_95' title='bbox 945 1057 999 1112; x_wconf 90' lang='lat' dir='ltr'>pars</span> <span class='ocrx_word' id='word_1_96' title='bbox 1009 1043 1126 1114; x_wconf 85' lang='lat' dir='ltr'>usquead</span> <span class='ocrx_word' id='word_1_97' title='bbox 1140 1046 1236 1107; x_wconf 83' lang='lat' dir='ltr'>§4cu-</span> 
     </span>
     <span class='ocr_line' id='line_1_10' title="bbox 167 1122 1237 1198; baseline 0 -18"><span class='ocrx_word' id='word_1_98' title='bbox 167 1123 241 1189; x_wconf 69' lang='lat' dir='ltr'>cosi,</span> <span class='ocrx_word' id='word_1_99' title='bbox 265 1138 294 1178; x_wconf 89' lang='lat' dir='ltr'>ea</span> <span class='ocrx_word' id='word_1_100' title='bbox 310 1125 444 1179; x_wconf 90' lang='lat' dir='ltr'>recentiore</span> <span class='ocrx_word' id='word_1_101' title='bbox 457 1139 530 1179; x_wconf 89' lang='lat' dir='ltr'>mauu</span> <span class='ocrx_word' id='word_1_102' title='bbox 548 1123 645 1178; x_wconf 90' lang='lat' dir='ltr'>saeculo</span> <span class='ocrx_word' id='word_1_103' title='bbox 656 1123 739 1195; x_wconf 80' lang='lat' dir='ltr'>quirun</span> <span class='ocrx_word' id='word_1_104' title='bbox 758 1122 852 1179; x_wconf 88' lang='lat' dir='ltr'>decimo</span> <span class='ocrx_word' id='word_1_105' title='bbox 868 1125 958 1196; x_wconf 87' lang='lat' dir='ltr'>scripta</span> <span class='ocrx_word' id='word_1_106' title='bbox 976 1134 1041 1180; x_wconf 89' lang='lat' dir='ltr'>sunt.</span> <span class='ocrx_word' id='word_1_107' title='bbox 1071 1125 1163 1198; x_wconf 81' lang='lat' dir='ltr'>singuli</span> <span class='ocrx_word' id='word_1_108' title='bbox 1182 1127 1237 1182; x_wconf 91' lang='lat' dir='ltr'>libri</span> 
     </span>
     <span class='ocr_line' id='line_1_11' title="bbox 168 1207 1236 1280; baseline 0.002 -17"><span class='ocrx_word' id='word_1_109' title='bbox 168 1208 259 1264; x_wconf 86' lang='lat' dir='ltr'>maiore</span> <span class='ocrx_word' id='word_1_110' title='bbox 270 1207 348 1279; x_wconf 84' lang='lat' dir='ltr'>spatio</span> <span class='ocrx_word' id='word_1_111' title='bbox 358 1208 442 1264; x_wconf 90' lang='lat' dir='ltr'>relicto</span> <span class='ocrx_word' id='word_1_112' title='bbox 457 1215 482 1263; x_wconf 90' lang='lat' dir='ltr'>et</span> <span class='ocrx_word' id='word_1_113' title='bbox 491 1207 623 1263; x_wconf 89' lang='lat' dir='ltr'>maioribus</span> <span class='ocrx_word' id='word_1_114' title='bbox 640 1207 727 1263; x_wconf 86' lang='lat' dir='ltr'>litteris</span> <span class='ocrx_word' id='word_1_115' title='bbox 739 1207 797 1261; x_wconf 87' lang='lat' dir='ltr'>satis</span> <span class='ocrx_word' id='word_1_116' title='bbox 813 1215 895 1278; x_wconf 88' lang='lat' dir='ltr'>aperte</span> <span class='ocrx_word' id='word_1_117' title='bbox 911 1209 1018 1263; x_wconf 87' lang='lat' dir='ltr'>distincti</span> <span class='ocrx_word' id='word_1_118' title='bbox 1033 1218 1105 1274; x_wconf 83' lang='lat' dir='ltr'>sunt,</span> <span class='ocrx_word' id='word_1_119' title='bbox 1127 1211 1178 1280; x_wconf 90' lang='lat' dir='ltr'>ipsa</span> <span class='ocrx_word' id='word_1_120' title='bbox 1200 1211 1236 1265; x_wconf 88' lang='lat' dir='ltr'>in-</span> 
     </span>
     <span class='ocr_line' id='line_1_12' title="bbox 167 1291 1236 1364; baseline 0 -16"><span class='ocrx_word' id='word_1_121' title='bbox 167 1292 266 1364; x_wconf 83' lang='lat' dir='ltr'>scriptio</span> <span class='ocrx_word' id='word_1_122' title='bbox 280 1298 361 1348; x_wconf 88' lang='lat' dir='ltr'>tamen</span> <span class='ocrx_word' id='word_1_123' title='bbox 374 1296 398 1348; x_wconf 91' lang='lat' dir='ltr'>iu</span> <span class='ocrx_word' id='word_1_124' title='bbox 411 1293 464 1348; x_wconf 86' lang='lat' dir='ltr'>solu</span> <span class='ocrx_word' id='word_1_125' title='bbox 481 1292 587 1348; x_wconf 90' lang='lat' dir='ltr'>secundo</span> <span class='ocrx_word' id='word_1_126' title='bbox 603 1291 664 1348; x_wconf 90' lang='lat' dir='ltr'>libro</span> <span class='ocrx_word' id='word_1_127' title='bbox 675 1291 755 1348; x_wconf 90' lang='lat' dir='ltr'>addita</span> <span class='ocrx_word' id='word_1_128' title='bbox 766 1299 816 1355; x_wconf 82' lang='lat' dir='ltr'>est,</span> <span class='ocrx_word' id='word_1_129' title='bbox 841 1292 866 1346; x_wconf 89' lang='lat' dir='ltr'>in</span> <span class='ocrx_word' id='word_1_130' title='bbox 883 1293 980 1364; x_wconf 87' lang='lat' dir='ltr'>reliquis</span> <span class='ocrx_word' id='word_1_131' title='bbox 997 1293 1020 1348; x_wconf 89' lang='lat' dir='ltr'>ei</span> <span class='ocrx_word' id='word_1_132' title='bbox 1033 1294 1073 1348; x_wconf 91' lang='lat' dir='ltr'>cui</span> <span class='ocrx_word' id='word_1_133' title='bbox 1088 1293 1236 1348; x_wconf 89' lang='lat' dir='ltr'>rubricarum</span> 
     </span>
     <span class='ocr_line' id='line_1_13' title="bbox 167 1375 1236 1450; baseline 0 -18"><span class='ocrx_word' id='word_1_134' title='bbox 167 1391 226 1432; x_wconf 89' lang='lat' dir='ltr'>cura</span> <span class='ocrx_word' id='word_1_135' title='bbox 240 1376 352 1432; x_wconf 90' lang='lat' dir='ltr'>mandata</span> <span class='ocrx_word' id='word_1_136' title='bbox 369 1385 420 1432; x_wconf 88' lang='lat' dir='ltr'>erat</span> <span class='ocrx_word' id='word_1_137' title='bbox 433 1377 525 1432; x_wconf 89' lang='lat' dir='ltr'>relicta.</span> <span class='ocrx_word' id='word_1_138' title='bbox 557 1382 665 1430; x_wconf 90' lang='lat' dir='ltr'>ceterum</span> <span class='ocrx_word' id='word_1_139' title='bbox 678 1384 734 1431; x_wconf 87' lang='lat' dir='ltr'>onte</span> <span class='ocrx_word' id='word_1_140' title='bbox 749 1391 790 1430; x_wconf 90' lang='lat' dir='ltr'>me</span> <span class='ocrx_word' id='word_1_141' title='bbox 799 1375 933 1432; x_wconf 89' lang='lat' dir='ltr'>Fridericus</span> <span class='ocrx_word' id='word_1_142' title='bbox 944 1376 1136 1450; x_wconf 81' lang='lat' dir='ltr'>Lindcnbrcgius</span> <span class='ocrx_word' id='word_1_143' title='bbox 1148 1377 1236 1432; x_wconf 91' lang='lat' dir='ltr'>librum</span> 
     </span>
     <span class='ocr_line' id='line_1_14' title="bbox 166 1459 1236 1532; baseline 0 -16"><span class='ocrx_word' id='word_1_144' title='bbox 166 1467 318 1526; x_wconf 82' lang='lat' dir='ltr'>excusserat,</span> <span class='ocrx_word' id='word_1_145' title='bbox 339 1460 457 1532; x_wconf 80' lang='lat' dir='ltr'>siquidem</span> <span class='ocrx_word' id='word_1_146' title='bbox 473 1459 577 1515; x_wconf 89' lang='lat' dir='ltr'>schedae</span> <span class='ocrx_word' id='word_1_147' title='bbox 587 1459 821 1532; x_wconf 77' lang='lat' dir='ltr'>lindenbrogianae,</span> <span class='ocrx_word' id='word_1_148' title='bbox 841 1460 927 1532; x_wconf 90' lang='lat' dir='ltr'>quibus</span> <span class='ocrx_word' id='word_1_149' title='bbox 939 1460 1036 1517; x_wconf 86' lang='lat' dir='ltr'>Curtius</span> <span class='ocrx_word' id='word_1_150' title='bbox 1049 1477 1108 1516; x_wconf 89' lang='lat' dir='ltr'>usus</span> <span class='ocrx_word' id='word_1_151' title='bbox 1127 1468 1177 1525; x_wconf 81' lang='lat' dir='ltr'>ast,</span> <span class='ocrx_word' id='word_1_152' title='bbox 1202 1461 1236 1516; x_wconf 87' lang='lat' dir='ltr'>ita</span> 
     </span>
     <span class='ocr_line' id='line_1_15' title="bbox 167 1544 1235 1617; baseline 0 -17"><span class='ocrx_word' id='word_1_153' title='bbox 167 1561 223 1600; x_wconf 91' lang='lat' dir='ltr'>cum</span> <span class='ocrx_word' id='word_1_154' title='bbox 241 1544 314 1600; x_wconf 91' lang='lat' dir='ltr'>buius</span> <span class='ocrx_word' id='word_1_155' title='bbox 330 1545 421 1601; x_wconf 91' lang='lat' dir='ltr'>codicis</span> <span class='ocrx_word' id='word_1_156' title='bbox 438 1545 563 1616; x_wconf 91' lang='lat' dir='ltr'>scripturis</span> <span class='ocrx_word' id='word_1_157' title='bbox 579 1544 731 1599; x_wconf 88' lang='lat' dir='ltr'>consentiunt</span> <span class='ocrx_word' id='word_1_158' title='bbox 749 1554 777 1599; x_wconf 89' lang='lat' dir='ltr'>ut</span> <span class='ocrx_word' id='word_1_159' title='bbox 797 1560 847 1600; x_wconf 90' lang='lat' dir='ltr'>nun</span> <span class='ocrx_word' id='word_1_160' title='bbox 863 1545 971 1600; x_wconf 86' lang='lat' dir='ltr'>dubitem</span> <span class='ocrx_word' id='word_1_161' title='bbox 981 1546 1039 1617; x_wconf 81' lang='lat' dir='ltr'>quio</span> <span class='ocrx_word' id='word_1_162' title='bbox 1062 1561 1092 1600; x_wconf 88' lang='lat' dir='ltr'>ex</span> <span class='ocrx_word' id='word_1_163' title='bbox 1112 1545 1161 1601; x_wconf 93' lang='lat' dir='ltr'>hoc</span> <span class='ocrx_word' id='word_1_164' title='bbox 1182 1545 1235 1615; x_wconf 89' lang='lat' dir='ltr'>ipso</span> 
     </span>
     <span class='ocr_line' id='line_1_16' title="bbox 167 1622 1236 1700; baseline 0 -16"><span class='ocrx_word' id='word_1_165' title='bbox 167 1634 294 1700; x_wconf 85' lang='lat' dir='ltr'>excerptae</span> <span class='ocrx_word' id='word_1_166' title='bbox 315 1627 378 1694; x_wconf 90' lang='lat' dir='ltr'>sint,</span> <span class='ocrx_word' id='word_1_167' title='bbox 400 1629 540 1700; x_wconf 87' lang='lat' dir='ltr'>praesertim</span> <span class='ocrx_word' id='word_1_168' title='bbox 556 1643 612 1683; x_wconf 92' lang='lat' dir='ltr'>cum</span> <span class='ocrx_word' id='word_1_169' title='bbox 625 1626 831 1700; x_wconf 79' lang='lat' dir='ltr'>lindenbrogium</span> <span class='ocrx_word' id='word_1_170' title='bbox 844 1628 979 1685; x_wconf 85' lang='lat' dir='ltr'>Florentiae</span> <span class='ocrx_word' id='word_1_171' title='bbox 991 1629 1124 1685; x_wconf 83' lang='lat' dir='ltr'>Marcianos</span> <span class='ocrx_word' id='word_1_172' title='bbox 1140 1622 1236 1684; x_wconf 80' lang='lat' dir='ltr'>codices</span> 
     </span>
    </p>
   </div>
   <div class='ocr_carea' id='block_1_3' title="bbox 166 1712 1310 1786">
    <p class='ocr_par' dir='ltr' id='par_1_3' title="bbox 166 1712 1310 1786">
     <span class='ocr_line' id='line_1_17' title="bbox 166 1712 1310 1786; baseline -0.003 -17"><span class='ocrx_word' id='word_1_173' title='bbox 166 1727 295 1784; x_wconf 85' lang='lat' dir='ltr'>usurpasse</span> <span class='ocrx_word' id='word_1_174' title='bbox 310 1719 413 1770; x_wconf 82' lang='lat' dir='ltr'>constet</span> <span class='ocrx_word' id='word_1_175' title='bbox 435 1721 529 1783; x_wconf 88' lang='lat' dir='ltr'>praeter</span> <span class='ocrx_word' id='word_1_176' title='bbox 541 1712 607 1767; x_wconf 91' lang='lat' dir='ltr'>bunc</span> <span class='ocrx_word' id='word_1_177' title='bbox 617 1712 726 1767; x_wconf 87' lang='lat' dir='ltr'>codicem</span> <span class='ocrx_word' id='word_1_178' title='bbox 736 1721 818 1767; x_wconf 89' lang='lat' dir='ltr'>autem</span> <span class='ocrx_word' id='word_1_179' title='bbox 834 1727 910 1767; x_wconf 90' lang='lat' dir='ltr'>unum</span> <span class='ocrx_word' id='word_1_180' title='bbox 921 1714 1028 1769; x_wconf 86' lang='lat' dir='ltr'>eiusdem</span> <span class='ocrx_word' id='word_1_181' title='bbox 1040 1713 1137 1786; x_wconf 84' lang='lat' dir='ltr'>generis</span> <span class='ocrx_word' id='word_1_182' title='bbox 1148 1713 1236 1768; x_wconf 90' lang='lat' dir='ltr'>librum</span> <span class='ocrx_word' id='word_1_183' title='bbox 1309 1765 1310 1782; x_wconf 23' lang='lat'>¹</span> 
     </span>
    </p>
   </div>
   <div class='ocr_carea' id='block_1_4' title="bbox 165 1794 1236 1869">
    <p class='ocr_par' dir='ltr' id='par_1_4' title="bbox 165 1794 1236 1869">
     <span class='ocr_line' id='line_1_18' title="bbox 165 1794 1236 1869; baseline -0.001 -16"><span class='ocrx_word' id='word_1_184' title='bbox 165 1796 287 1853; x_wconf 85' lang='lat' dir='ltr'>Marciano</span> <span class='ocrx_word' id='word_1_185' title='bbox 307 1797 466 1869; x_wconf 87' lang='lat' dir='ltr'>antiquiorem</span> <span class='ocrx_word' id='word_1_186' title='bbox 482 1797 591 1853; x_wconf 83' lang='lat' dir='ltr'>extitisse</span> <span class='ocrx_word' id='word_1_187' title='bbox 605 1794 661 1852; x_wconf 88' lang='lat' dir='ltr'>novi</span> <span class='ocrx_word' id='word_1_188' title='bbox 682 1795 879 1860; x_wconf 87' lang='lat' dir='ltr'>Riccardianum‚</span> <span class='ocrx_word' id='word_1_189' title='bbox 899 1812 971 1868; x_wconf 87' lang='lat' dir='ltr'>quern</span> <span class='ocrx_word' id='word_1_190' title='bbox 988 1795 1087 1852; x_wconf 87' lang='lat' dir='ltr'>aGorio</span> <span class='ocrx_word' id='word_1_191' title='bbox 1098 1796 1236 1852; x_wconf 73' lang='lat' dir='ltr'>Florentino</span> 
     </span>
    </p>
   </div>
   <div class='ocr_carea' id='block_1_5' title="bbox 85 1879 1236 1953">
    <p class='ocr_par' dir='ltr' id='par_1_5' title="bbox 85 1879 1236 1953">
     <span class='ocr_line' id='line_1_19' title="bbox 85 1879 1236 1953; baseline 0.001 -18"><span class='ocrx_word' id='word_1_192' title='bbox 85 1918 87 1922; x_wconf 88' lang='lat'><em>-</em></span> <span class='ocrx_word' id='word_1_193' title='bbox 167 1882 282 1938; x_wconf 89' lang='lat' dir='ltr'>collatum</span> <span class='ocrx_word' id='word_1_194' title='bbox 295 1880 379 1936; x_wconf 89' lang='lat' dir='ltr'>babuit</span> <span class='ocrx_word' id='word_1_195' title='bbox 390 1880 494 1936; x_wconf 89' lang='lat' dir='ltr'>Curtius.</span> <span class='ocrx_word' id='word_1_196' title='bbox 515 1881 567 1952; x_wconf 89' lang='lat' dir='ltr'>ipse</span> <span class='ocrx_word' id='word_1_197' title='bbox 578 1881 641 1935; x_wconf 90' lang='lat' dir='ltr'>enim</span> <span class='ocrx_word' id='word_1_198' title='bbox 652 1879 753 1944; x_wconf 79' lang='lat' dir='ltr'>librum,</span> <span class='ocrx_word' id='word_1_199' title='bbox 765 1895 909 1952; x_wconf 87' lang='lat' dir='ltr'>quamquam</span> <span class='ocrx_word' id='word_1_200' title='bbox 920 1887 945 1934; x_wconf 89' lang='lat' dir='ltr'>et</span> <span class='ocrx_word' id='word_1_201' title='bbox 957 1895 970 1934; x_wconf 90' lang='lat' dir='ltr'>a</span> <span class='ocrx_word' id='word_1_202' title='bbox 980 1879 1063 1934; x_wconf 90' lang='lat' dir='ltr'>Lamio</span> <span class='ocrx_word' id='word_1_203' title='bbox 1074 1880 1097 1935; x_wconf 90' lang='lat' dir='ltr'>in</span> <span class='ocrx_word' id='word_1_204' title='bbox 1110 1881 1236 1953; x_wconf 69' lang='lat' dir='ltr'>‘catalogo</span> 
     </span>
    </p>
   </div>
   <div class='ocr_carea' id='block_1_6' title="bbox 162 1963 1237 3634">
    <p class='ocr_par' dir='ltr' id='par_1_6' title="bbox 162 1963 1237 3634">
     <span class='ocr_line' id='line_1_20' title="bbox 166 1963 1235 2037; baseline 0 -17"><span class='ocrx_word' id='word_1_205' title='bbox 166 1965 278 2021; x_wconf 90' lang='lat' dir='ltr'>codicum</span> <span class='ocrx_word' id='word_1_206' title='bbox 288 1964 505 2036; x_wconf 88' lang='lat' dir='ltr'>manuscriptomm</span> <span class='ocrx_word' id='word_1_207' title='bbox 516 1966 557 2037; x_wconf 86' lang='lat' dir='ltr'>qui</span> <span class='ocrx_word' id='word_1_208' title='bbox 569 1965 594 2020; x_wconf 91' lang='lat' dir='ltr'>in</span> <span class='ocrx_word' id='word_1_209' title='bbox 604 1963 750 2019; x_wconf 85' lang='lat' dir='ltr'>bibliotheca</span> <span class='ocrx_word' id='word_1_210' title='bbox 757 1963 912 2019; x_wconf 86' lang='lat' dir='ltr'>Riccardiana</span> <span class='ocrx_word' id='word_1_211' title='bbox 919 1964 1053 2020; x_wconf 82' lang='lat' dir='ltr'>Florentiae</span> <span class='ocrx_word' id='word_1_212' title='bbox 1063 1965 1235 2028; x_wconf 84' lang='lat' dir='ltr'>asservantur’.</span> 
     </span>
     <span class='ocr_line' id='line_1_21' title="bbox 166 2047 1236 2119; baseline -0.002 -15"><span class='ocrx_word' id='word_1_213' title='bbox 166 2048 264 2104; x_wconf 90' lang='lat' dir='ltr'>Liburni</span> <span class='ocrx_word' id='word_1_214' title='bbox 281 2064 304 2105; x_wconf 74' lang='lat' dir='ltr'>a</span> <span class='ocrx_word' id='word_1_215' title='bbox 323 2051 391 2106; x_wconf 80' lang='lat'><strong>1756</strong></span> <span class='ocrx_word' id='word_1_216' title='bbox 407 2049 486 2113; x_wconf 82' lang='lat' dir='ltr'>edito,</span> <span class='ocrx_word' id='word_1_217' title='bbox 510 2058 535 2104; x_wconf 89' lang='lat' dir='ltr'>et</span> <span class='ocrx_word' id='word_1_218' title='bbox 554 2049 578 2103; x_wconf 93' lang='lat' dir='ltr'>in</span> <span class='ocrx_word' id='word_1_219' title='bbox 599 2048 678 2103; x_wconf 87' lang='lat' dir='ltr'>iudice</span> <span class='ocrx_word' id='word_1_220' title='bbox 695 2063 768 2102; x_wconf 89' lang='lat' dir='ltr'>manu</span> <span class='ocrx_word' id='word_1_221' title='bbox 789 2049 941 2119; x_wconf 84' lang='lat' dir='ltr'>scriptoque</span> <span class='ocrx_word' id='word_1_222' title='bbox 958 2063 1023 2103; x_wconf 89' lang='lat' dir='ltr'>nunc</span> <span class='ocrx_word' id='word_1_223' title='bbox 1040 2047 1236 2104; x_wconf 86' lang='lat' dir='ltr'>iuRiccardiana</span> 
     </span>
     <span class='ocr_line' id='line_1_22' title="bbox 166 2130 1236 2203; baseline -0.001 -14"><span class='ocrx_word' id='word_1_224' title='bbox 166 2130 311 2189; x_wconf 89' lang='lat' dir='ltr'>bibliotheca</span> <span class='ocrx_word' id='word_1_225' title='bbox 321 2139 424 2189; x_wconf 86' lang='lat' dir='ltr'>utuntvu</span> <span class='ocrx_word' id='word_1_226' title='bbox 433 2132 614 2197; x_wconf 86' lang='lat' dir='ltr'>indicatuserat,</span> <span class='ocrx_word' id='word_1_227' title='bbox 628 2131 974 2203; x_wconf 81' lang='lat' dir='ltr'>frustrallorentiaequavsivi.</span> <span class='ocrx_word' id='word_1_228' title='bbox 994 2132 1144 2188; x_wconf 88' lang='lat' dir='ltr'>indicabatur</span> <span class='ocrx_word' id='word_1_229' title='bbox 1155 2141 1236 2188; x_wconf 86' lang='lat' dir='ltr'>autent</span> 
     </span>
     <span class='ocr_line' id='line_1_23' title="bbox 166 2214 1235 2289; baseline -0.001 -16"><span class='ocrx_word' id='word_1_230' title='bbox 166 2217 252 2273; x_wconf 91' lang='lat' dir='ltr'>ecdem</span> <span class='ocrx_word' id='word_1_231' title='bbox 262 2232 363 2272; x_wconf 89' lang='lat' dir='ltr'>nomem</span> <span class='ocrx_word' id='word_1_232' title='bbox 374 2225 446 2289; x_wconf 87' lang='lat' dir='ltr'>atque</span> <span class='ocrx_word' id='word_1_233' title='bbox 451 2215 522 2272; x_wconf 91' lang='lat' dir='ltr'>Plinii</span> <span class='ocrx_word' id='word_1_234' title='bbox 527 2216 641 2272; x_wconf 90' lang='lat' dir='ltr'>naturalis</span> <span class='ocrx_word' id='word_1_235' title='bbox 650 2214 764 2272; x_wconf 89' lang='lat' dir='ltr'>historiae</span> <span class='ocrx_word' id='word_1_236' title='bbox 774 2216 860 2279; x_wconf 79' lang='lat' dir='ltr'>codex,</span> <span class='ocrx_word' id='word_1_237' title='bbox 872 2222 900 2270; x_wconf 90' lang='lat' dir='ltr'>ut</span> <span class='ocrx_word' id='word_1_238' title='bbox 905 2217 1011 2271; x_wconf 82' lang='lat' dir='ltr'>nesciam</span> <span class='ocrx_word' id='word_1_239' title='bbox 1022 2232 1080 2272; x_wconf 92' lang='lat' dir='ltr'>num</span> <span class='ocrx_word' id='word_1_240' title='bbox 1092 2217 1123 2271; x_wconf 90' lang='lat' dir='ltr'>de</span> <span class='ocrx_word' id='word_1_241' title='bbox 1133 2232 1235 2272; x_wconf 87' lang='lat' dir='ltr'>numero</span> 
     </span>
     <span class='ocr_line' id='line_1_24' title="bbox 166 2299 1236 2373; baseline 0 -17"><span class='ocrx_word' id='word_1_242' title='bbox 166 2301 297 2357; x_wconf 84' lang='lat' dir='ltr'>erraverint</span> <span class='ocrx_word' id='word_1_243' title='bbox 314 2301 332 2356; x_wconf 90' lang='lat' dir='ltr'>ii</span> <span class='ocrx_word' id='word_1_244' title='bbox 347 2301 388 2373; x_wconf 84' lang='lat' dir='ltr'>qui</span> <span class='ocrx_word' id='word_1_245' title='bbox 399 2300 490 2356; x_wconf 89' lang='lat' dir='ltr'>iudices</span> <span class='ocrx_word' id='word_1_246' title='bbox 501 2301 670 2365; x_wconf 82' lang='lat' dir='ltr'>coniecerunt,</span> <span class='ocrx_word' id='word_1_247' title='bbox 694 2314 725 2355; x_wconf 88' lang='lat' dir='ltr'>an</span> <span class='ocrx_word' id='word_1_248' title='bbox 736 2299 900 2370; x_wconf 88' lang='lat' dir='ltr'>compluribus</span> <span class='ocrx_word' id='word_1_249' title='bbox 916 2300 1062 2356; x_wconf 87' lang='lat' dir='ltr'>membranis</span> <span class='ocrx_word' id='word_1_250' title='bbox 1074 2317 1135 2373; x_wconf 83' lang='lat' dir='ltr'>quos</span> <span class='ocrx_word' id='word_1_251' title='bbox 1152 2301 1236 2356; x_wconf 85' lang='lat' dir='ltr'>iniiue</span> 
     </span>
     <span class='ocr_line' id='line_1_25' title="bbox 166 2383 1236 2456; baseline -0.002 -15"><span class='ocrx_word' id='word_1_252' title='bbox 166 2387 218 2442; x_wconf 92' lang='lat' dir='ltr'>eius</span> <span class='ocrx_word' id='word_1_253' title='bbox 228 2385 319 2442; x_wconf 88' lang='lat' dir='ltr'>codicis</span> <span class='ocrx_word' id='word_1_254' title='bbox 328 2386 411 2442; x_wconf 86' lang='lat' dir='ltr'>deesse</span> <span class='ocrx_word' id='word_1_255' title='bbox 421 2384 470 2440; x_wconf 90' lang='lat' dir='ltr'>vidi</span> <span class='ocrx_word' id='word_1_256' title='bbox 481 2385 581 2456; x_wconf 89' lang='lat' dir='ltr'>perditis</span> <span class='ocrx_word' id='word_1_257' title='bbox 591 2383 708 2455; x_wconf 89' lang='lat' dir='ltr'>epistulae</span> <span class='ocrx_word' id='word_1_258' title='bbox 719 2383 890 2439; x_wconf 87' lang='lat' dir='ltr'>interciderint.</span> <span class='ocrx_word' id='word_1_259' title='bbox 917 2390 942 2439; x_wconf 91' lang='lat' dir='ltr'>et</span> <span class='ocrx_word' id='word_1_260' title='bbox 953 2385 983 2440; x_wconf 89' lang='lat' dir='ltr'>do</span> <span class='ocrx_word' id='word_1_261' title='bbox 994 2391 1072 2440; x_wconf 89' lang='lat' dir='ltr'>aetate</span> <span class='ocrx_word' id='word_1_262' title='bbox 1086 2384 1183 2456; x_wconf 72' lang='lat' dir='ltr'>quadem</span> <span class='ocrx_word' id='word_1_263' title='bbox 1193 2399 1236 2440; x_wconf 92' lang='lat' dir='ltr'>cc-</span> 
     </span>
     <span class='ocr_line' id='line_1_26' title="bbox 166 2467 1236 2541; baseline -0.003 -15"><span class='ocrx_word' id='word_1_264' title='bbox 166 2471 226 2527; x_wconf 89' lang='lat' dir='ltr'>dicis</span> <span class='ocrx_word' id='word_1_265' title='bbox 237 2470 334 2526; x_wconf 83' lang='lat' dir='ltr'>bamius</span> <span class='ocrx_word' id='word_1_266' title='bbox 344 2469 442 2526; x_wconf 91' lang='lat' dir='ltr'>saeculo</span> <span class='ocrx_word' id='word_1_267' title='bbox 453 2469 549 2524; x_wconf 88' lang='lat' dir='ltr'>circiter</span> <span class='ocrx_word' id='word_1_268' title='bbox 562 2484 627 2524; x_wconf 90' lang='lat' dir='ltr'>nouo</span> <span class='ocrx_word' id='word_1_269' title='bbox 636 2468 676 2523; x_wconf 93' lang='lat' dir='ltr'>vel</span> <span class='ocrx_word' id='word_1_270' title='bbox 687 2468 797 2536; x_wconf 82' lang='lat' dir='ltr'>decimo,</span> <span class='ocrx_word' id='word_1_271' title='bbox 822 2467 965 2537; x_wconf 75' lang='lat' dir='ltr'>Feralibus,</span> <span class='ocrx_word' id='word_1_272' title='bbox 982 2484 996 2524; x_wconf 89' lang='lat' dir='ltr'>a</span> <span class='ocrx_word' id='word_1_273' title='bbox 1011 2484 1059 2541; x_wconf 89' lang='lat' dir='ltr'>quo</span> <span class='ocrx_word' id='word_1_274' title='bbox 1071 2467 1236 2524; x_wconf 80' lang='lat' dir='ltr'>commodatos</span> 
     </span>
     <span class='ocr_line' id='line_1_27' title="bbox 167 2551 1237 2624; baseline -0.003 -15"><span class='ocrx_word' id='word_1_275' title='bbox 167 2554 233 2610; x_wconf 89' lang='lat' dir='ltr'>Gorii</span> <span class='ocrx_word' id='word_1_276' title='bbox 243 2554 345 2610; x_wconf 89' lang='lat' dir='ltr'>schedas</span> <span class='ocrx_word' id='word_1_277' title='bbox 356 2560 481 2624; x_wconf 90' lang='lat' dir='ltr'>acceperat</span> <span class='ocrx_word' id='word_1_278' title='bbox 492 2551 600 2620; x_wconf 80' lang='lat' dir='ltr'>Curtius,</span> <span class='ocrx_word' id='word_1_279' title='bbox 621 2551 684 2607; x_wconf 85' lang='lat' dir='ltr'>inter</span> <span class='ocrx_word' id='word_1_280' title='bbox 694 2552 818 2607; x_wconf 90' lang='lat' dir='ltr'>saeculum</span> <span class='ocrx_word' id='word_1_281' title='bbox 828 2551 948 2607; x_wconf 87' lang='lat' dir='ltr'>decimum</span> <span class='ocrx_word' id='word_1_282' title='bbox 959 2560 984 2608; x_wconf 87' lang='lat' dir='ltr'>ot</span> <span class='ocrx_word' id='word_1_283' title='bbox 994 2553 1149 2608; x_wconf 89' lang='lat' dir='ltr'>undecimum</span> <span class='ocrx_word' id='word_1_284' title='bbox 1159 2553 1237 2622; x_wconf 91' lang='lat' dir='ltr'>scrip-</span> 
     </span>
     <span class='ocr_line' id='line_1_28' title="bbox 165 2635 1235 2708; baseline -0.003 -14"><span class='ocrx_word' id='word_1_285' title='bbox 165 2646 218 2694; x_wconf 90' lang='lat' dir='ltr'>tum</span> <span class='ocrx_word' id='word_1_286' title='bbox 232 2652 285 2693; x_wconf 80' lang='lat' dir='ltr'>esse</span> <span class='ocrx_word' id='word_1_287' title='bbox 294 2639 383 2693; x_wconf 88' lang='lat' dir='ltr'>libmm</span> <span class='ocrx_word' id='word_1_288' title='bbox 396 2637 463 2694; x_wconf 87' lang='lat' dir='ltr'>dicit.</span> <span class='ocrx_word' id='word_1_289' title='bbox 483 2637 616 2708; x_wconf 86' lang='lat' dir='ltr'>scripturae</span> <span class='ocrx_word' id='word_1_290' title='bbox 626 2643 708 2691; x_wconf 85' lang='lat' dir='ltr'>autem</span> <span class='ocrx_word' id='word_1_291' title='bbox 719 2652 747 2692; x_wconf 88' lang='lat' dir='ltr'>ea</span> <span class='ocrx_word' id='word_1_292' title='bbox 759 2643 796 2692; x_wconf 88' lang='lat' dir='ltr'>cst</span> <span class='ocrx_word' id='word_1_293' title='bbox 807 2651 863 2691; x_wconf 89' lang='lat' dir='ltr'>oum</span> <span class='ocrx_word' id='word_1_294' title='bbox 874 2635 994 2692; x_wconf 81' lang='lat' dir='ltr'>Muciano</span> <span class='ocrx_word' id='word_1_295' title='bbox 1014 2637 1098 2692; x_wconf 89' lang='lat' dir='ltr'>codice</span> <span class='ocrx_word' id='word_1_296' title='bbox 1108 2637 1235 2692; x_wconf 88' lang='lat' dir='ltr'>consensio</span> 
     </span>
     <span class='ocr_line' id='line_1_29' title="bbox 165 2719 1236 2792; baseline -0.001 -16"><span class='ocrx_word' id='word_1_297' title='bbox 165 2728 193 2777; x_wconf 92' lang='lat' dir='ltr'>ut</span> <span class='ocrx_word' id='word_1_298' title='bbox 204 2721 381 2778; x_wconf 83' lang='lat' dir='ltr'>autexeudem</span> <span class='ocrx_word' id='word_1_299' title='bbox 392 2721 503 2792; x_wconf 88' lang='lat' dir='ltr'>exemplo</span> <span class='ocrx_word' id='word_1_300' title='bbox 514 2728 643 2792; x_wconf 89' lang='lat' dir='ltr'>utrumque</span> <span class='ocrx_word' id='word_1_301' title='bbox 654 2720 801 2792; x_wconf 82' lang='lat' dir='ltr'>descriptum</span> <span class='ocrx_word' id='word_1_302' title='bbox 819 2728 860 2776; x_wconf 92' lang='lat' dir='ltr'>aut</span> <span class='ocrx_word' id='word_1_303' title='bbox 873 2719 1057 2776; x_wconf 86' lang='lat' dir='ltr'>Riccardianum</span> <span class='ocrx_word' id='word_1_304' title='bbox 1074 2720 1172 2775; x_wconf 90' lang='lat' dir='ltr'>alterius</span> <span class='ocrx_word' id='word_1_305' title='bbox 1182 2720 1236 2775; x_wconf 85' lang='lat' dir='ltr'>lco-</span> 
     </span>
     <span class='ocr_line' id='line_1_30' title="bbox 164 2804 1237 2877; baseline -0.002 -17"><span class='ocrx_word' id='word_1_306' title='bbox 164 2821 215 2860; x_wconf 84' lang='lat' dir='ltr'>rem</span> <span class='ocrx_word' id='word_1_307' title='bbox 226 2821 279 2860; x_wconf 85' lang='lat' dir='ltr'>esse</span> <span class='ocrx_word' id='word_1_308' title='bbox 290 2812 411 2876; x_wconf 75' lang='lat' dir='ltr'>appareat</span> <span class='ocrx_word' id='word_1_309' title='bbox 433 2821 480 2876; x_wconf 86' lang='lat' dir='ltr'>qua</span> <span class='ocrx_word' id='word_1_310' title='bbox 493 2805 518 2860; x_wconf 91' lang='lat' dir='ltr'>in</span> <span class='ocrx_word' id='word_1_311' title='bbox 529 2819 556 2860; x_wconf 91' lang='lat' dir='ltr'>re</span> <span class='ocrx_word' id='word_1_312' title='bbox 568 2820 616 2859; x_wconf 91' lang='lat' dir='ltr'>ocu</span> <span class='ocrx_word' id='word_1_313' title='bbox 627 2804 865 2875; x_wconf 87' lang='lat' dir='ltr'>praetermittendum</span> <span class='ocrx_word' id='word_1_314' title='bbox 876 2812 913 2859; x_wconf 90' lang='lat' dir='ltr'>est</span> <span class='ocrx_word' id='word_1_315' title='bbox 922 2805 994 2877; x_wconf 79' lang='lat' dir='ltr'>quod,</span> <span class='ocrx_word' id='word_1_316' title='bbox 1008 2819 1152 2876; x_wconf 83' lang='lat' dir='ltr'>quamquam</span> <span class='ocrx_word' id='word_1_317' title='bbox 1166 2813 1237 2875; x_wconf 83' lang='lat' dir='ltr'>quat-</span> 
     </span>
     <span class='ocr_line' id='line_1_31' title="bbox 166 2888 1236 2960; baseline -0.003 -15"><span class='ocrx_word' id='word_1_318' title='bbox 166 2896 222 2945; x_wconf 88' lang='lat' dir='ltr'>tuor</span> <span class='ocrx_word' id='word_1_319' title='bbox 236 2895 331 2943; x_wconf 86' lang='lat' dir='ltr'>tantum</span> <span class='ocrx_word' id='word_1_320' title='bbox 347 2888 503 2959; x_wconf 86' lang='lat' dir='ltr'>epistularum</span> <span class='ocrx_word' id='word_1_321' title='bbox 520 2889 574 2944; x_wconf 91' lang='lat' dir='ltr'>libri</span> <span class='ocrx_word' id='word_1_322' title='bbox 590 2904 646 2943; x_wconf 90' lang='lat' dir='ltr'>cum</span> <span class='ocrx_word' id='word_1_323' title='bbox 662 2895 730 2958; x_wconf 90' lang='lat' dir='ltr'>parte</span> <span class='ocrx_word' id='word_1_324' title='bbox 740 2889 816 2960; x_wconf 73' lang='lat' dir='ltr'>quinti</span> <span class='ocrx_word' id='word_1_325' title='bbox 833 2888 954 2943; x_wconf 90' lang='lat' dir='ltr'>inccdice</span> <span class='ocrx_word' id='word_1_326' title='bbox 969 2889 1052 2958; x_wconf 88' lang='lat' dir='ltr'>scripti</span> <span class='ocrx_word' id='word_1_327' title='bbox 1064 2897 1132 2942; x_wconf 89' lang='lat' dir='ltr'>eraut</span> <span class='ocrx_word' id='word_1_328' title='bbox 1142 2889 1236 2956; x_wconf 88' lang='lat' dir='ltr'>(minus</span> 
     </span>
     <span class='ocr_line' id='line_1_32' title="bbox 164 2971 1236 3044; baseline -0.002 -16"><span class='ocrx_word' id='word_1_329' title='bbox 164 2978 276 3028; x_wconf 89' lang='lat' dir='ltr'>accurate</span> <span class='ocrx_word' id='word_1_330' title='bbox 286 2973 351 3028; x_wconf 90' lang='lat' dir='ltr'>euim</span> <span class='ocrx_word' id='word_1_331' title='bbox 362 2979 475 3044; x_wconf 87' lang='lat' dir='ltr'>quattuor</span> <span class='ocrx_word' id='word_1_332' title='bbox 484 2973 559 3028; x_wconf 89' lang='lat' dir='ltr'>libros</span> <span class='ocrx_word' id='word_1_333' title='bbox 570 2972 628 3028; x_wconf 86' lang='lat' dir='ltr'>dicit</span> <span class='ocrx_word' id='word_1_334' title='bbox 634 2973 752 3042; x_wconf 75' lang='lat' dir='ltr'>lumbus),</span> <span class='ocrx_word' id='word_1_335' title='bbox 764 2973 836 3028; x_wconf 81' lang='lat' dir='ltr'>index</span> <span class='ocrx_word' id='word_1_336' title='bbox 846 2980 926 3027; x_wconf 84' lang='lat' dir='ltr'>tameo</span> <span class='ocrx_word' id='word_1_337' title='bbox 934 2971 1099 3043; x_wconf 76' lang='lat' dir='ltr'>epistulamm</span> <span class='ocrx_word' id='word_1_338' title='bbox 1113 2972 1152 3044; x_wconf 80' lang='lat' dir='ltr'>qui</span> <span class='ocrx_word' id='word_1_339' title='bbox 1169 2971 1194 3026; x_wconf 89' lang='lat' dir='ltr'>iu</span> <span class='ocrx_word' id='word_1_340' title='bbox 1206 2985 1236 3026; x_wconf 85' lang='lat' dir='ltr'>eo</span> 
     </span>
     <span class='ocr_line' id='line_1_33' title="bbox 165 3055 1237 3128; baseline -0.001 -17"><span class='ocrx_word' id='word_1_341' title='bbox 165 3057 240 3111; x_wconf 82' lang='lat' dir='ltr'>luisse</span> <span class='ocrx_word' id='word_1_342' title='bbox 250 3055 353 3122; x_wconf 85' lang='lat' dir='ltr'>dicitur,</span> <span class='ocrx_word' id='word_1_343' title='bbox 369 3057 450 3128; x_wconf 85' lang='lat' dir='ltr'>inquo</span> <span class='ocrx_word' id='word_1_344' title='bbox 462 3072 519 3112; x_wconf 91' lang='lat' dir='ltr'>cum</span> <span class='ocrx_word' id='word_1_345' title='bbox 529 3056 725 3127; x_wconf 87' lang='lat' dir='ltr'>inscriptionibus</span> <span class='ocrx_word' id='word_1_346' title='bbox 736 3055 891 3127; x_wconf 89' lang='lat' dir='ltr'>epistularum</span> <span class='ocrx_word' id='word_1_347' title='bbox 901 3056 978 3127; x_wconf 91' lang='lat' dir='ltr'>prima</span> <span class='ocrx_word' id='word_1_348' title='bbox 988 3057 1105 3128; x_wconf 88' lang='lat' dir='ltr'>cuiusque</span> <span class='ocrx_word' id='word_1_349' title='bbox 1118 3055 1237 3126; x_wconf 89' lang='lat' dir='ltr'>epistulae</span> 
     </span>
     <span class='ocr_line' id='line_1_34' title="bbox 165 3139 1235 3212; baseline -0.001 -19"><span class='ocrx_word' id='word_1_350' title='bbox 165 3139 237 3194; x_wconf 91' lang='lat' dir='ltr'>verba</span> <span class='ocrx_word' id='word_1_351' title='bbox 248 3139 350 3195; x_wconf 89' lang='lat' dir='ltr'>indicata</span> <span class='ocrx_word' id='word_1_352' title='bbox 362 3147 449 3204; x_wconf 62' lang='lat' dir='ltr'>esent,</span> <span class='ocrx_word' id='word_1_353' title='bbox 462 3140 576 3197; x_wconf 82' lang='lat' dir='ltr'>adduam</span> <span class='ocrx_word' id='word_1_354' title='bbox 586 3141 664 3212; x_wconf 87' lang='lat' dir='ltr'>quinti</span> <span class='ocrx_word' id='word_1_355' title='bbox 674 3139 728 3195; x_wconf 91' lang='lat' dir='ltr'>libri</span> <span class='ocrx_word' id='word_1_356' title='bbox 739 3141 857 3196; x_wconf 85' lang='lat' dir='ltr'>deductus</span> <span class='ocrx_word' id='word_1_357' title='bbox 868 3148 926 3195; x_wconf 88' lang='lat' dir='ltr'>erat.</span> <span class='ocrx_word' id='word_1_358' title='bbox 945 3140 1009 3195; x_wconf 92' lang='lat' dir='ltr'>undo</span> <span class='ocrx_word' id='word_1_359' title='bbox 1019 3139 1176 3212; x_wconf 80' lang='lat' dir='ltr'>intellegitur,</span> <span class='ocrx_word' id='word_1_360' title='bbox 1189 3141 1235 3193; x_wconf 87' lang='lat' dir='ltr'>uisi</span> 
     </span>
     <span class='ocr_line' id='line_1_35' title="bbox 165 3223 1236 3294; baseline -0.001 -16"><span class='ocrx_word' id='word_1_361' title='bbox 165 3224 228 3278; x_wconf 89' lang='lat' dir='ltr'>icrte</span> <span class='ocrx_word' id='word_1_362' title='bbox 246 3239 276 3279; x_wconf 82' lang='lat' dir='ltr'>ex</span> <span class='ocrx_word' id='word_1_363' title='bbox 287 3224 340 3294; x_wconf 89' lang='lat' dir='ltr'>ipso</span> <span class='ocrx_word' id='word_1_364' title='bbox 352 3223 508 3280; x_wconf 85' lang='lat' dir='ltr'>Riccardiauu</span> <span class='ocrx_word' id='word_1_365' title='bbox 521 3226 655 3280; x_wconf 89' lang='lat' dir='ltr'>universam</span> <span class='ocrx_word' id='word_1_366' title='bbox 665 3225 765 3294; x_wconf 89' lang='lat' dir='ltr'>stirpem</span> <span class='ocrx_word' id='word_1_367' title='bbox 775 3229 857 3278; x_wconf 86' lang='lat' dir='ltr'>natam</span> <span class='ocrx_word' id='word_1_368' title='bbox 868 3238 921 3279; x_wconf 88' lang='lat' dir='ltr'>esse</span> <span class='ocrx_word' id='word_1_369' title='bbox 931 3225 1047 3294; x_wconf 90' lang='lat' dir='ltr'>suspicari</span> <span class='ocrx_word' id='word_1_370' title='bbox 1057 3225 1182 3287; x_wconf 87' lang='lat' dir='ltr'>volumus,</span> <span class='ocrx_word' id='word_1_371' title='bbox 1204 3223 1236 3278; x_wconf 88' lang='lat' dir='ltr'>dc</span> 
     </span>
     <span class='ocr_line' id='line_1_36' title="bbox 164 3307 1237 3380; baseline -0.002 -17"><span class='ocrx_word' id='word_1_372' title='bbox 164 3323 213 3379; x_wconf 87' lang='lat' dir='ltr'>quo</span> <span class='ocrx_word' id='word_1_373' title='bbox 220 3314 346 3378; x_wconf 86' lang='lat' dir='ltr'>propteroa</span> <span class='ocrx_word' id='word_1_374' title='bbox 355 3307 420 3380; x_wconf 86' lang='lat' dir='ltr'>qrrud</span> <span class='ocrx_word' id='word_1_375' title='bbox 431 3309 508 3364; x_wconf 93' lang='lat' dir='ltr'>oculis</span> <span class='ocrx_word' id='word_1_376' title='bbox 517 3323 633 3380; x_wconf 91' lang='lat' dir='ltr'>usurpare</span> <span class='ocrx_word' id='word_1_377' title='bbox 642 3307 731 3364; x_wconf 91' lang='lat' dir='ltr'>librum</span> <span class='ocrx_word' id='word_1_378' title='bbox 741 3324 790 3363; x_wconf 92' lang='lat' dir='ltr'>non</span> <span class='ocrx_word' id='word_1_379' title='bbox 800 3307 880 3371; x_wconf 85' lang='lat' dir='ltr'>licuit,</span> <span class='ocrx_word' id='word_1_380' title='bbox 892 3308 981 3363; x_wconf 90' lang='lat' dir='ltr'>certius</span> <span class='ocrx_word' id='word_1_381' title='bbox 991 3307 1064 3363; x_wconf 89' lang='lat' dir='ltr'>statui</span> <span class='ocrx_word' id='word_1_382' title='bbox 1075 3307 1172 3379; x_wconf 83' lang='lat' dir='ltr'>nequit.</span> <span class='ocrx_word' id='word_1_383' title='bbox 1184 3307 1237 3376; x_wconf 90' lang='lat' dir='ltr'>pri·</span> 
     </span>
     <span class='ocr_line' id='line_1_37' title="bbox 163 3390 1236 3465; baseline -0.001 -20"><span class='ocrx_word' id='word_1_384' title='bbox 163 3392 265 3446; x_wconf 90' lang='lat' dir='ltr'>marium</span> <span class='ocrx_word' id='word_1_385' title='bbox 277 3391 386 3447; x_wconf 88' lang='lat' dir='ltr'>codicem</span> <span class='ocrx_word' id='word_1_386' title='bbox 396 3408 410 3448; x_wconf 93' lang='lat' dir='ltr'>a</span> <span class='ocrx_word' id='word_1_387' title='bbox 421 3392 532 3465; x_wconf 85' lang='lat' dir='ltr'>dibgenti</span> <span class='ocrx_word' id='word_1_388' title='bbox 542 3393 639 3447; x_wconf 89' lang='lat' dir='ltr'>librario</span> <span class='ocrx_word' id='word_1_389' title='bbox 650 3406 791 3462; x_wconf 79' lang='lat' dir='ltr'>expressum</span> <span class='ocrx_word' id='word_1_390' title='bbox 801 3391 860 3447; x_wconf 88' lang='lat' dir='ltr'>clim</span> <span class='ocrx_word' id='word_1_391' title='bbox 870 3393 908 3447; x_wconf 89' lang='lat' dir='ltr'>vel</span> <span class='ocrx_word' id='word_1_392' title='bbox 926 3393 1031 3463; x_wconf 85' lang='lat' dir='ltr'>quinque</span> <span class='ocrx_word' id='word_1_393' title='bbox 1050 3391 1125 3447; x_wconf 90' lang='lat' dir='ltr'>libros</span> <span class='ocrx_word' id='word_1_394' title='bbox 1140 3392 1180 3445; x_wconf 89' lang='lat' dir='ltr'>vel</span> <span class='ocrx_word' id='word_1_395' title='bbox 1196 3390 1236 3444; x_wconf 91' lang='lat' dir='ltr'>iu·</span> 
     </span>
     <span class='ocr_line' id='line_1_38' title="bbox 162 3475 1235 3548; baseline -0.001 -18"><span class='ocrx_word' id='word_1_396' title='bbox 162 3484 260 3548; x_wconf 81' lang='lat' dir='ltr'>tegrum</span> <span class='ocrx_word' id='word_1_397' title='bbox 273 3476 428 3547; x_wconf 89' lang='lat' dir='ltr'>epistularum</span> <span class='ocrx_word' id='word_1_398' title='bbox 445 3491 572 3532; x_wconf 83' lang='lat' dir='ltr'>rumenam</span> <span class='ocrx_word' id='word_1_399' title='bbox 590 3476 749 3539; x_wconf 85' lang='lat' dir='ltr'>continuisse.</span> <span class='ocrx_word' id='word_1_400' title='bbox 773 3475 860 3532; x_wconf 92' lang='lat' dir='ltr'>deinde</span> <span class='ocrx_word' id='word_1_401' title='bbox 881 3475 1019 3532; x_wconf 88' lang='lat' dir='ltr'>ultimarum</span> <span class='ocrx_word' id='word_1_402' title='bbox 1041 3476 1235 3530; x_wconf 88' lang='lat' dir='ltr'>membranarum</span> 
     </span>
     <span class='ocr_line' id='line_1_39' title="bbox 163 3558 1235 3634; baseline -0.002 -19"><span class='ocrx_word' id='word_1_403' title='bbox 163 3561 251 3615; x_wconf 88' lang='lat' dir='ltr'>iactura</span> <span class='ocrx_word' id='word_1_404' title='bbox 264 3561 327 3616; x_wconf 83' lang='lat' dir='ltr'>lacta</span> <span class='ocrx_word' id='word_1_405' title='bbox 340 3562 369 3616; x_wconf 89' lang='lat' dir='ltr'>ad</span> <span class='ocrx_word' id='word_1_406' title='bbox 381 3577 437 3616; x_wconf 88' lang='lat' dir='ltr'>eum</span> <span class='ocrx_word' id='word_1_407' title='bbox 446 3562 487 3634; x_wconf 88' lang='lat' dir='ltr'>qui</span> <span class='ocrx_word' id='word_1_408' title='bbox 495 3576 560 3615; x_wconf 92' lang='lat' dir='ltr'>nunc</span> <span class='ocrx_word' id='word_1_409' title='bbox 571 3567 609 3614; x_wconf 85' lang='lat' dir='ltr'>cst</span> <span class='ocrx_word' id='word_1_410' title='bbox 619 3575 747 3615; x_wconf 90' lang='lat' dir='ltr'>numemm</span> <span class='ocrx_word' id='word_1_411' title='bbox 757 3559 880 3614; x_wconf 87' lang='lat' dir='ltr'>redactum</span> <span class='ocrx_word' id='word_1_412' title='bbox 892 3575 953 3614; x_wconf 77' lang='lat' dir='ltr'>ease.</span> <span class='ocrx_word' id='word_1_413' title='bbox 974 3559 1017 3614; x_wconf 88' lang='lat' dir='ltr'>sed</span> <span class='ocrx_word' id='word_1_414' title='bbox 1024 3558 1181 3614; x_wconf 82' lang='lat' dir='ltr'>Rircardianu</span> <span class='ocrx_word' id='word_1_415' title='bbox 1192 3573 1235 3613; x_wconf 81' lang='lat' dir='ltr'>cc·</span> 
     </span>
    </p>
   </div>
   <div class='ocr_carea' id='block_1_7' title="bbox 0 0 1320 4102">
    <p class='ocr_par' dir='ltr' id='par_1_7' title="bbox 0 0 1320 4102">
     <span class='ocr_line' id='line_1_40' title="bbox 0 0 1320 4102; baseline 0 1"><span class='ocrx_word' id='word_1_416' title='bbox 0 0 1320 4102; x_wconf 95' lang='lat' dir='ltr'> </span> 
     </span>
    </p>
   </div>
  </div>
 </body>
</html>
