2632 4096
219 299 261 360 96
644 293 677 355 G.
699 291 796 355 l’lle

219 452 284 511 lons
299 449 393 526 egerit
408 466 508 527 aquam
524 459 552 509 et
567 448 684 526 recipit:
707 463 769 506 nam
784 446 904 522 expulsa
917 446 945 504 in
957 443 1043 505 altum
1056 446 1085 504 in
1100 462 1133 504 se
1148 441 1226 503 cadit

219 535 380 611 iunctisque
394 531 515 594 hiatibus
532 542 562 593 et
576 531 745 592 absorbetur
759 538 788 590 et
802 528 918 590 tollitur.
946 527 971 588 ll
986 528 1106 606 regio'ne
1121 525 1226 588 stibadi

219 618 369 679 aduersum
391 616 552 677 cubiculum
570 625 675 674 tantum
694 613 816 674 stibadio
839 613 933 673 reddit
954 621 1068 672 ornatus
1090 618 1227 690 quantum

176 703 325 780 osaccipit
345 699 381 758 ab
403 699 462 758 illo.
496 697 636 758 Marmore
655 696 806 774 splendet,
823 696 914 758 valvis
929 697 957 755 iu
970 696 1069 756 viridia
1082 695 1227 773 prominet

169 813 172 823 v
219 795 250 846 et
266 787 339 858 exit,
360 781 413 841 alia
427 783 525 842 viridia
541 781 736 860 superioribus
752 779 991 858 inferioribusque
1008 779 1143 840 fenestris
1158 791 1250 841 ens-5

167 881 194 920 A·
221 869 291 946 cipit
311 867 490 944 dispicitque.
525 863 594 924 llox
614 864 764 924 zothecula
784 863 891 942 refugit
911 865 991 942 quasi
1011 864 1040 923 in
1061 861 1227 922 cubiculum

218 951 294 1011 idem
307 960 392 1027 atque
412 947 497 1010 aliud.
528 947 633 1008 lectus
651 947 699 1007 hic
720 957 749 1008 et
765 947 889 1026 undique
903 946 1064 1023 fenestrae,
1085 955 1115 1006 et
1128 955 1227 1005 tamen

177 1049 212 1103 39
219 1032 314 1093 lumen
337 1032 490 1092 obscurum
505 1031 603 1092 umbra
622 1041 780 1110 premente.
817 1029 888 1091 Nam
907 1029 1061 1090 laetissima
1082 1031 1149 1090 vitis
1169 1046 1227 1108 per

220 1133 302 1177 ornne
319 1124 426 1176 tectum
440 1117 468 1175 in
485 1115 596 1176 culmen
611 1117 708 1175 nititur
718 1125 747 1175 et
759 1114 896 1174 ascendit.
915 1112 980 1173 Non
991 1131 1077 1174 secus
1088 1113 1128 1174 ibi
1140 1130 1227 1192 quam

218 1203 247 1260 in
262 1217 379 1260 nemore
392 1200 500 1278 iaceas,
513 1200 632 1258 imbrem
647 1208 752 1259 tantmn
767 1207 905 1276 tamqnam
916 1199 945 1257 in
956 1215 1072 1258 nemore
1086 1213 1144 1256 non
1158 1214 1264 1265 sen-10

176 1286 282 1352 cotias.
305 1282 359 1344 llic
374 1300 488 1361 quoque
500 1282 564 1344 lons
575 1285 701 1343 nascitur
715 1281 855 1360 simulque
869 1281 1043 1342 subducitur.
1063 1282 1134 1341 Sunt
1148 1279 1226 1340 locis

221 1367 349 1445 pluribus
361 1366 499 1446 disposita
517 1366 617 1427 sedilia
633 1385 649 1426 e
666 1383 815 1442 marmore,
833 1382 905 1443 quae
919 1363 1109 1426 ambulatione
1125 1363 1225 1424 lassos

221 1460 251 1510 ut
264 1450 423 1510 cubiculum
443 1451 535 1528 ipsum
556 1451 660 1509 iuvant.
693 1447 833 1510 Fonticuli
848 1448 985 1510 sedilibus
999 1448 1143 1516 adiacent;
1168 1464 1226 1526 per

219 1545 309 1595 totum
323 1532 539 1610 hippodromum
553 1532 661 1592 inducti
675 1531 776 1592 tistulis
791 1541 922 1611 strepunt
942 1532 995 1591 riri
1009 1540 1039 1593 et
1054 1548 1109 1610 qna
1123 1548 1224 1590 manus

219 1617 298 1677 duxit
309 1625 453 1677 secuntur.
475 1614 526 1677 llis
540 1634 615 1676 nnnc
626 1615 674 1675 illa
687 1615 785 1676 viridia
797 1634 871 1676 nnnc
885 1616 968 1692 haec,
984 1615 1123 1677 interdum
1138 1614 1224 1674 simul
1235 1624 1264 1675 15

220 1702 311 1760 omnia
324 1699 459 1760 lavantur.
493 1699 634 1760 Vitassem
648 1702 702 1759 iam
716 1698 819 1759 dudum
832 1719 869 1760 ne
880 1700 996 1760 viderer
1010 1699 1152 1776 argutior,
1168 1700 1226 1758 nisi

177 1801 210 1854 41
220 1786 436 1864 proposuissem
453 1801 550 1844 omnes
566 1783 685 1862 angulos
697 1793 792 1844 tecum
802 1783 924 1861 epistula
940 1785 1096 1843 circumire.
1118 1779 1225 1859 Neque

220 1870 294 1927 enim
307 1869 429 1948 verebar
440 1887 476 1928 ne
488 1866 661 1929 laboriosum
674 1877 754 1928 esset
767 1866 876 1944 legenti
888 1867 939 1927 tibi
954 1867 1030 1946 qnod
1045 1867 1147 1926 visenti
1165 1882 1225 1924 non
1307 1919 1308 1936 ,

219 1951 333 2027 luisset,
349 1953 517 2028 praesertim
533 1969 596 2011 cum
611 1951 849 2029 interquiescere,
865 1953 890 2011 si
904 1949 1018 2027 liberet,
1034 1950 1225 2028 depositaque
1307 1947 1308 1950 ’

220 2033 343 2112 epistula
357 2036 437 2112 quasi
448 2034 576 2095 residere
590 2035 705 2113 saepius
716 2052 832 2114 posses.
852 2034 1005 2095 Pmeterea
1016 2032 1119 2093 indulsi
1134 2033 1264 2098 amorioo

219 2133 300 2176 meo:
324 2133 386 2175 arno
408 2119 482 2176 enim
499 2135 571 2197 quae
593 2121 711 2178 maxima
729 2117 863 2196 exparte
886 2120 949 2196 ipsc
968 2116 1099 2179 inchoavi
1117 2124 1164 2177 ant
1180 2116 1225 2174 in-

178 2209 212 2262 ta
222 2200 321 2260 clroata
341 2200 481 2279 percolui.
503 2200 536 2260 ln
550 2217 666 2277 summa,
679 2203 748 2280 (our
758 2204 832 2262 enim
843 2220 899 2262 non
913 2202 1037 2280 aperiam
1053 2201 1103 2259 tibi
1117 2197 1166 2258 vel
1179 2199 1226 2257 iu·

220 2284 323 2344 dicium
342 2300 435 2343 meum
454 2283 503 2344 uel
524 2282 688 2364 erroremi)
709 2287 827 2364 primum
850 2303 908 2363 ego
930 2285 1054 2345 cilicium
1073 2285 1226 2361 scriptoris

220 2369 350 2434 existimo
367 2377 398 2427 ut
415 2367 525 2428 titulum
539 2387 619 2429 snum
635 2367 713 2446 legat
731 2369 823 2448 adque
841 2369 994 2429 identidem
1015 2369 1174 2444 interroget
1187 2385 1225 2427 sc
1308 2429 1309 2438 ,

220 2451 286 2531 quid
304 2455 432 2532 coeperit
450 2453 578 2514 scribere
602 2455 748 2530 sciatque,
772 2455 795 2514 si
815 2454 949 2514 materiae
965 2453 1143 2528 immoratur,
1164 2459 1264 2512 nontt
1308 2451 1309 2466 ¹

133 2527 137 2536 ⁴
220 2554 287 2596 esse
307 2535 439 2614 longum,
456 2535 667 2614 longissimum,
691 2539 715 2596 si
736 2535 841 2614 aliquid
855 2537 976 2596 arcessit
991 2535 1082 2613 adque
1099 2533 1224 2595 attrahit.

179 2619 307 2680 davides
323 2629 393 2697 quot
412 2621 544 2681 versibus
562 2618 719 2698 Homerus,
742 2629 811 2698 quot
827 2618 973 2697 Vergilius
987 2636 1078 2695 arma,
1099 2618 1146 2678 lric
1163 2616 1224 2676 Ae-

219 2719 309 2779 neae,
324 2702 444 2762 Achillis
459 2703 525 2780 ille,
541 2703 698 2764 describat:
719 2704 813 2764 brevis
829 2713 922 2763 mmen
938 2712 1058 2782 uterque
1073 2710 1134 2778 est,
1158 2702 1225 2780 quia

219 2786 288 2845 lacit
308 2786 385 2864 quod
405 2787 532 2847 institnit.
565 2785 654 2848 Vides
667 2797 698 2847 ut
711 2786 815 2848 Aratus
831 2787 1015 2848 minutissima
1029 2786 1112 2845 etiam
1128 2784 1224 2845 sidera

222 2876 406 2928 consectetur
422 2879 452 2928 ct
471 2868 603 2947 colligat:
623 2870 735 2929 modum
756 2880 849 2931 tamen
870 2881 974 2931 servat.
1002 2868 1067 2928 Non
1081 2870 1156 2929 enim
1170 2870 1263 2928 exuto

178 2959 322 3012 securene
340 2951 387 3012 lnic
403 2953 482 3029 eius,
505 2954 557 3015 sed
571 2971 643 3032 opus
658 2955 751 3033 ipsum
763 2964 818 3015 est.
851 2953 988 3015 Similiter
1001 2971 1071 3030 nos,
1086 2962 1117 3012 ut
1134 2968 1223 3030 parva

219 3036 344 3112 magnis,
362 3053 425 3095 cum
439 3044 526 3096 totam
536 3035 631 3098 uillam
646 3038 738 3100 oculis
752 3040 807 3099 tuis
823 3039 956 3098 subicere
974 3053 1125 3113 conamur,
1140 3036 1165 3095 si
1179 3036 1222 3094 ni·

218 3119 258 3178 hil
270 3119 413 3179 inductum
428 3129 458 3180 et
471 3121 552 3198 quasi
566 3121 678 3180 derium
694 3121 851 3200 loquimur,
872 3139 929 3180 non
946 3121 1068 3200 epistula
1082 3137 1155 3198 qnae
1171 3117 1222 3178 de-

219 3204 318 3264 scribit
329 3201 382 3264 sed
395 3202 463 3264 villa
477 3221 550 3283 quae
561 3204 732 3266 describitur
744 3223 844 3282 magna
859 3215 912 3265 eet.
941 3204 1047 3265 Verum
1061 3203 1130 3264 illuc
1145 3201 1221 3262 unde

220 3288 316 3366 coepi,
330 3306 367 3348 ne
381 3287 535 3348 secundum
550 3287 646 3365 legem
659 3306 750 3349 meam
763 3291 824 3348 iure
840 3288 1050 3366 reprehendar,
1068 3288 1093 3348 si
1107 3286 1262 3364 longiorot

177 3369 301 3432 itinero
315 3372 343 3429 in
358 3371 415 3430 lroc
435 3373 463 3430 in
484 3371 561 3450 quod
579 3373 703 3432 excessi.
734 3369 829 3432 Habes
852 3389 953 3432 causas
969 3390 1020 3432 cnr
1037 3389 1094 3449 ego
1109 3369 1221 3430 Tuscos

218 3470 299 3514 meos
315 3453 494 3531 Tusculanis,
510 3453 674 3532 Tiburtinis,
689 3454 938 3533 Praenestinisque
949 3471 1131 3534 praeponam.
1150 3451 1222 3514 Nam

220 3552 308 3612 super
318 3535 366 3595 illa
382 3554 454 3614 quae
475 3537 571 3596 rettuli
586 3537 669 3597 altius
683 3538 722 3597 ibi
738 3540 824 3598 otium
839 3549 868 3599 et
883 3540 1017 3616 pinguius
1029 3555 1123 3618 eoque
1136 3555 1220 3598 secu·
