2616 4096
221 285 640 350 brundusiopolim—or.
655 289 974 366 [to.-tn.13.-15.]
1036 288 1099 353 221

483 437 566 500 nxu
590 436 709 516 [uxxrp

317 537 345 592 U.
363 535 489 588 PLINIUS
504 535 651 588 TRAIANO
666 537 874 589 IMPERATORI.

155 637 268 719 Magna,
287 640 409 717 domine,
427 651 455 702 et
471 641 506 701 nd
517 651 602 702 totam
616 633 791 720 provinciam
803 642 950 721 pertinens
968 647 1123 722 quaestior

92 733 141 785 est
157 721 193 785 de
211 722 372 786 conditione
387 735 417 786 et
437 724 576 786 alimentis
598 742 696 786 eorum
713 742 786 805 qnos
800 736 903 787 vocant
916 721 1096 806 θρεπτούς.

63 805 129 869 5In
149 825 204 886 qun
221 825 277 886 ego
293 809 393 870 auditis
410 809 657 870 constitutionibus
672 811 840 886 principum,
858 811 923 887 quia
936 810 1004 871 nibil
1019 813 1123 878 inve-2

90 890 208 952 niebam
223 902 271 952 eut
287 894 432 970 proprium
450 903 498 952 aut
518 892 680 953 universale
696 892 772 970 quod
794 891 829 951 ad
849 893 986 968 Bithynos
1007 894 1097 957 ferre·

90 985 151 1050 tur,
169 975 374 1036 consulendum
389 985 418 1037 te
439 977 596 1038 existimari
616 976 684 1055 quid
699 975 847 1037 observari
858 976 961 1041 velles.
994 977 1097 1058 Neque

91 1061 170 1119 eninr
184 1061 278 1137 putari
301 1077 451 1138 possesne
468 1061 496 1118 ln
512 1077 548 1120 eo
564 1059 641 1138 quod
660 1059 855 1120 auctoritatem
872 1069 947 1121 tuam
960 1074 1098 1140 posceret

91 1141 231 1220 exemplo
246 1161 313 1205 esse
330 1153 503 1204 contentum.
524 1141 707 1204 Recitabatur
718 1151 813 1202 nutem
827 1142 902 1223 apud
915 1161 960 1204 ure
975 1146 1124 1211 edicturus

44 1241 81 1291 10
94 1223 173 1304 quod
189 1224 335 1286 dicebatur
348 1227 405 1288 divi
420 1227 559 1305 Augusti,
582 1225 618 1287 ud
637 1227 756 1286 Anniam
776 1228 937 1304 pertinens:
961 1230 1098 1290 recitatae

93 1318 125 1369 et
138 1307 280 1388 epistulae
296 1309 352 1369 divi
366 1309 532 1390 Vespasiani
547 1308 582 1368 ad
602 1308 843 1370 Lacedaemonios
863 1317 893 1369 et
916 1308 972 1370 divi
989 1309 1043 1372 Titi
1063 1311 1099 1372 ad

94 1392 215 1453 eosdem
236 1402 265 1454 et
280 1393 316 1453 ad
328 1394 480 1473 Achaeos,
499 1403 528 1454 et
541 1393 692 1454 Domitiani
707 1393 743 1453 ad
756 1392 887 1454 Avidium
905 1392 1052 1472 Nigrinum
1069 1405 1100 1456 et

93 1475 257 1536 Amnenium
278 1475 438 1537 Rroccbum
467 1476 674 1555 proconsules,
700 1479 767 1538 item
787 1477 822 1537 ud
842 1474 1098 1540 Lacedaemonios:

95 1578 169 1639 qnae
183 1558 250 1620 ideo
269 1560 321 1620 tibi
340 1578 397 1621 uon
415 1563 495 1638 misi,
518 1563 582 1639 quia
596 1571 626 1622 et
642 1579 740 1640 parum
754 1560 901 1621 emendata
917 1572 946 1622 et
961 1563 1098 1640 quaedum

51 1651 84 1703 15
94 1661 153 1704 non
174 1652 271 1704 certae
292 1641 357 1704 fidei
376 1645 544 1705 videbantur
565 1654 595 1704 et
616 1647 680 1723 quia
693 1662 761 1704 vera
779 1653 808 1704 et
824 1643 971 1706 emendata
986 1648 1014 1706 in
1028 1649 1099 1707 scri·
1133 1655 1136 1662 '

93 1729 148 1789 niis
162 1729 219 1787 tuis
237 1745 304 1788 esse
319 1727 480 1789 credebam.

471 1877 567 1940 uxvr.
586 1877 719 1956 [rums]

432 1978 595 2030 TRAIANUS
609 1978 714 2030 PLINIO
730 1977 757 2032 S.

48 2094 86 2145 20
156 2078 293 2151 Quaestio
307 2083 361 2142 ista
376 2101 448 2162 quae
464 2085 589 2162 pertinet
605 2083 640 2143 ad
661 2100 713 2144 eos
729 2085 777 2162 qui
792 2082 877 2144 liberi
891 2085 947 2145 nati
962 2086 1121 2163 expositi,1

93 2163 198 2224 deinde
212 2163 316 2225 sublati
330 2183 346 2226 a
366 2167 533 2244 quibusdam
553 2175 582 2226 et
598 2168 626 2226 in
642 2168 780 2228 servituto
801 2167 913 2228 educati
928 2175 992 2228 sunt
1007 2186 1096 2247 saepe

93 2256 213 2308 tractata
233 2257 295 2326 est,
316 2267 372 2310 nec
392 2252 542 2329 quicquam
562 2250 702 2310 invenitur
723 2252 750 2309 in
772 2252 979 2312 commentariis
998 2269 1097 2311 eorum

94 2333 254 2410 priucipum
274 2335 321 2412 qui
335 2342 400 2394 aute
413 2351 460 2394 me
475 2335 606 2410 fuorunt,
629 2333 706 2411 quod
719 2333 755 2392 ad
770 2350 869 2394 omnes
884 2334 1046 2413 provincias
1061 2336 1097 2395 sit

94 2417 287 2476 constitutum.
308 2415 456 2494 Epistulae
474 2436 543 2478 sune
560 2427 624 2478 sunt
640 2415 791 2478 Domitiani
806 2416 842 2476 ad
855 2416 988 2476 Avidium
1002 2415 1124 2495 Nigri-u

50 2517 159 2568 usuum
181 2510 210 2561 et
228 2499 392 2561 Armenium
414 2500 592 2578 Bmccburu,
615 2519 688 2579 quae
708 2500 831 2561 tortasse
852 2500 975 2560 debeant
996 2500 1097 2561 obser·

92 2585 168 2643 vari:
190 2583 244 2644 sed
263 2585 338 2644 inter
358 2602 407 2644 eas
428 2585 590 2664 provincius
612 2584 648 2644 dc
669 2583 770 2662 quibus
786 2584 937 2662 rescripsit
955 2585 1098 2645 ...inter

93 2685 164 2746 quas
186 2676 231 2729 est
250 2665 394 2744 Bithynia3
423 2677 453 2729 et
472 2668 538 2728 ideo
559 2687 614 2730 uec
635 2667 825 2742 adsertionem
845 2665 1039 2745 denegandam
1061 2669 1097 2730 iis

93 2753 142 2830 qui
159 2770 197 2812 ex
211 2750 349 2812 eiusmodi
365 2769 449 2813 eausa
468 2754 496 2812 in
513 2752 674 2813 libertatern
688 2750 904 2812 vindicabuntur
916 2760 986 2830 puto
1001 2770 1096 2833 neque

92 2835 184 2914 ipsam
199 2835 359 2897 libertatem
373 2835 563 2896 redimendam
577 2836 671 2916 pretio
685 2833 888 2895 alimentorum.

51 2926 86 2980 ³⁰
495 2985 702 3066 murmur

315 3086 343 3141 U.
360 3087 485 3139 PLINIUS
504 3087 650 3138 TRAIANO
666 3085 875 3140 IMPERATORI.

154 3203 265 3284 legato
275 3205 456 3267 Sauromatae
471 3208 561 3286 regis,
579 3225 643 3267 cum
658 3224 709 3267 sua
723 3215 826 3285 sponte
841 3205 977 3282 Nicaeae,
994 3205 1042 3264 ubi
1053 3216 1124 3268 mel

92 3292 256 3367 invenerat,
283 3288 369 3350 biduo
396 3290 589 3369 substitisset,
616 3289 776 3368 longiorem
802 3305 908 3349 moram
928 3286 1097 3363 faciendam,

52 3373 218 3450 bidomino,
232 3389 289 3432 non
301 3373 413 3453 putari;
428 3375 558 3453 primum,
573 3373 650 3453 quod
659 3375 798 3434 incertum
809 3371 901 3433 adbuc
913 3381 974 3432 erat
985 3370 1097 3451 quando

92 3455 215 3518 libertus
230 3465 295 3518 tuus
309 3455 463 3533 Lycormas
477 3466 614 3518 venturus
628 3466 720 3535 esset,
738 3453 851 3532 deinde,
865 3453 942 3532 quod
952 3457 1017 3535 ipse
1030 3472 1097 3534 pro·

93 3539 245 3601 liciacebar
258 3541 287 3600 in
303 3540 443 3602 diversam
458 3543 622 3620 provinciae
636 3550 757 3620 partem,
772 3540 809 3599 ita
822 3538 909 3599 oflicii
923 3539 1097 3600 necessitate
