2614 4104
203 245 266 310 aab
625 245 658 305 C.
679 243 778 306 PblNl

203 408 301 460 contra
316 397 399 476 leges
415 396 534 458 iecisse.
553 395 685 475 ldagnum
700 397 755 458 hoc
772 407 848 476 erat,
865 416 929 459 cnm
942 402 1142 477 promitteres;
1152 419 1213 461 nra

202 487 263 560 ius,
280 491 430 562 postquam
443 481 619 559 praestitisti.
642 480 700 540 lam
711 483 816 543 totiens
828 481 990 561 procedere
1003 483 1032 542 in
1046 493 1154 562 rostra,
1169 487 1214 543 in·

203 583 354 630 ascensum
368 564 448 625 illum
462 565 615 642 superbiae
629 566 788 644 principum
805 565 901 625 locum
914 575 1029 643 terere,
1052 566 1101 627 bic
1116 570 1214 628 susci·

203 668 274 730 pere
294 649 341 710 hic
361 665 469 727 ponere
484 649 678 726 magistratus,
705 667 787 727 mam
804 649 918 726 dignum
930 659 978 727 te,
1007 667 1151 728 quamque
1168 651 1213 710 di·

202 751 315 796 versum
332 731 537 793 consuetudine
551 731 662 792 illorum
678 734 725 810 qui
744 733 874 811 pauculis
895 732 995 793 diebus
1009 742 1127 810 gestum
1142 751 1216 794 con·
1232 743 1247 792 5

203 817 339 893 sulatum,
362 817 447 874 immo
466 831 523 875 uon
538 824 650 893 gestum
664 816 824 877 obiciebant
839 833 893 894 per
906 815 1042 876 edictum!
1074 816 1141 877 lloc
1156 834 1214 894 pro

204 903 353 974 contione,
369 901 556 977 prorostris,
572 916 624 978 pro
639 902 700 960 iure
715 899 845 968 iumndo;
865 899 979 960 scilicet
993 909 1024 960 ut
1038 901 1141 979 primis
1159 918 1213 960 ex·

203 995 291 1045 trema
307 991 510 1059 congruerent,
528 990 614 1060 utque
629 983 686 1043 hoc
702 981 768 1044 solo
780 983 1018 1061 intellegerentur
1031 985 1088 1062 ipsi
1102 1001 1213 1044 eonsu-

201 1067 247 1128 les
261 1065 351 1127 luisse
368 1065 444 1145 quod
457 1065 505 1126 alii
519 1084 576 1127 uon
590 1066 720 1128 luissent.

150 1155 192 1216 66
264 1148 328 1210 Non
343 1149 500 1228 transsilui,
519 1159 614 1229 patres
630 1151 803 1228 conscripti,
819 1151 954 1228 principis
968 1153 1057 1210 nostri
1072 1150 1210 1210 consula·
1220 1157 1251 1211 llt

201 1244 276 1312 tum,
303 1233 355 1294 aed
376 1233 496 1294 eundem
516 1233 659 1294 inlocum
680 1233 786 1294 contuli
806 1233 942 1312 quidquid
961 1233 997 1293 de
1011 1235 1072 1293 iure
1088 1233 1210 1293 iurando

202 1317 351 1379 dicendum
372 1327 442 1378 erat.
472 1315 575 1396 Neque
592 1320 682 1396 enim,
708 1327 739 1377 ut
760 1318 788 1376 in
808 1317 899 1377 sterili
914 1317 1064 1396 ieiunaque
1078 1319 1208 1394 materia,

202 1400 319 1463 eandem
335 1401 464 1477 speciem
484 1400 573 1462 laudis
595 1400 731 1461 diducere
747 1417 782 1461 ao
797 1417 935 1478 spargere
949 1409 1035 1478 atque
1050 1399 1209 1460 identidem

201 1493 321 1544 tractare
337 1482 484 1544 debemus.
516 1482 658 1544 lnluxerat
679 1485 786 1564 primus
806 1483 968 1545 consulatus
988 1485 1029 1544 tui
1044 1483 1124 1560 dies,
1149 1501 1208 1562 quo

201 1579 231 1628 tu
248 1567 353 1627 curiam
366 1567 531 1643 ingressus,
553 1585 628 1627 nuuc
643 1566 771 1645 singulos
786 1586 861 1627 nunc
874 1569 1025 1628 universes
1040 1566 1207 1628 adhortatus
1216 1577 1247 1628 15

203 1669 235 1712 es
244 1668 392 1712 resumere
406 1651 582 1729 libertatem,
599 1668 754 1729 capessere
765 1652 846 1730 quasi
862 1651 1017 1712 communis
1027 1651 1140 1728 imperii
1156 1670 1207 1711 cu-

201 1754 259 1811 ras,
275 1733 423 1812 invigilare
439 1734 562 1814 publicis
574 1734 738 1796 utilitatibus
750 1745 781 1795 et
792 1737 950 1813 insurgere.
974 1733 1081 1794 Omnes
1093 1743 1160 1795 ante
1175 1745 1206 1794 te

202 1819 301 1879 eadem
316 1821 371 1878 ista
386 1816 527 1895 dixerunt,
544 1819 647 1879 nemini
658 1827 750 1879 tamen
766 1826 830 1878 ante
844 1827 872 1878 te
886 1817 1022 1878 creditum
1037 1826 1092 1878 est.
1115 1817 1207 1879 Erunt

202 1901 255 1962 sub
278 1900 369 1962 oculis
388 1901 533 1979 naufragia
554 1901 719 1978 multorum,
752 1919 825 1980 quos
845 1900 980 1962 insidiosa
1002 1899 1205 1979 tranquillitate

202 1993 357 2062 provectos
371 1984 532 2060 inprovisus
546 1986 630 2047 turbo
642 1984 813 2064 perculerat.
836 1983 920 2058 Quod
935 1986 1008 2044 enim
1019 1993 1073 2044 tam
1088 1983 1204 2044 inlidum
1213 1993 1245 2046 to

202 2085 278 2126 mare
296 2083 378 2144 quam
394 2065 546 2128 blanditiae
562 2071 719 2147 principum
735 2067 865 2145 illorum,
883 2069 984 2147 quibus
1000 2075 1073 2128 tanta
1087 2067 1203 2146 levitas,

202 2159 276 2223 tanta
291 2148 368 2210 fraus
381 2159 411 2210 ut
426 2149 537 2212 facilius
553 2163 633 2214 esset
647 2155 735 2213 iratos
750 2171 831 2232 quam
847 2153 990 2231 propitios
1004 2148 1134 2212 baberei
1161 2149 1203 2212 Te

201 2253 271 2295 vero
287 2235 383 2295 securi
398 2243 428 2294 et
449 2234 559 2295 alacres
575 2253 631 2315 quo
646 2253 735 2296 rocas
757 2237 911 2315 sequimur.
943 2234 1030 2296 lubes
1046 2252 1114 2294 esse
1131 2233 1204 2294 libe·

143 2333 146 2340 ·
202 2336 265 2388 ros;
286 2317 405 2378 erimus:
426 2318 508 2380 iubes
523 2338 596 2398 quaa
611 2321 747 2380 sentimus
762 2336 894 2396 promere
910 2321 937 2378 in
952 2318 1090 2385 medium;
1104 2318 1203 2396 prole·

201 2420 306 2463 remus.
336 2400 439 2479 Neque
463 2404 536 2464 enim
556 2403 653 2464 adhuc
670 2405 779 2480 ignavia
800 2403 918 2482 quadam
937 2412 967 2462 et
982 2403 1067 2462 insito
1085 2409 1242 2481 torporeit

201 2487 389 2547 cessavimus:
414 2495 507 2546 terror
522 2495 552 2546 et
567 2496 659 2549 metus
681 2496 711 2548 et
730 2487 833 2547 misera
852 2486 902 2546 illa
918 2505 954 2547 ex
969 2482 1106 2564 periculis
1128 2485 1204 2546 iacta

201 2570 347 2647 prudentia
362 2570 496 2630 monebat
509 2579 539 2629 ut
550 2587 566 2630 a
576 2588 609 2630 re
623 2568 738 2649 publica
751 2569 843 2647 (nulla
853 2580 914 2630 erat
924 2576 1019 2630 autem
1030 2570 1144 2628 omnino
1155 2587 1203 2630 rea

199 2652 329 2731 publica)
346 2652 446 2714 oeulos
460 2672 543 2714 aures
557 2655 664 2714 animos
677 2662 881 2714 averteremus.
899 2652 939 2712 At
951 2670 1025 2712 nunc
1042 2660 1090 2712 tua
1105 2650 1204 2713 dextra

200 2737 313 2814 tuisque
328 2738 476 2813 promissis
493 2737 558 2798 freti
573 2747 602 2798 et
623 2738 725 2814 innixi,
746 2736 866 2815 obsepta
883 2737 987 2797 diutina
1000 2737 1140 2798 seruitute
1154 2753 1203 2796 ora

201 2836 361 2880 reseramus
371 2820 564 2898 frenatamque
578 2830 620 2882 tot
634 2819 715 2882 malis
726 2819 849 2898 linguam
865 2819 1046 2882 resolvimus.
1067 2819 1116 2880 Vis
1129 2822 1242 2880 animia
1294 2827 1295 2900 i

201 2901 273 2962 tales
290 2919 358 2962 esse
374 2920 426 2963 nos
441 2902 541 2982 quales
556 2905 656 2980 iubes,
677 2903 803 2982 nihilque
824 2903 1069 2964 exhortationibus
1087 2905 1144 2963 tuis
1159 2903 1201 2963 iu·

202 2995 310 3064 catum,
332 2985 399 3046 nihil
415 2986 582 3066 subdolum,
606 2989 728 3066 denique
744 2987 812 3048 nihil
828 2988 905 3066 quod
920 2987 1086 3048 credentem
1100 2986 1202 3048 iallere

201 3080 297 3150 paret,
314 3087 370 3130 non
384 3070 446 3132 sine
463 3071 592 3148 periculo
608 3070 741 3132 fallentis.
763 3070 866 3150 Neque
882 3073 955 3134 enim
970 3089 1101 3150 umquam
1117 3069 1201 3132 decc·

147 3153 188 3216 67
201 3163 267 3234 ptus
288 3164 334 3216 est
355 3157 490 3234 princeps
505 3156 558 3216 nisi
574 3157 621 3235 qui
637 3159 715 3235 prius
731 3158 795 3235 ipse
809 3156 935 3233 decepit.
969 3153 1110 3234 Equidem
1127 3154 1201 3215 hunc

200 3239 323 3316 parentis
345 3239 454 3318 publici
474 3258 590 3302 sensum
610 3257 674 3300 cum
687 3241 864 3300 exoratione
885 3241 948 3302 eius
965 3249 1024 3300 tum
1038 3241 1240 3318 pronuntia-es

154 3345 158 3350 ·
199 3324 276 3384 tione
291 3324 352 3401 ipsa
368 3323 555 3402 perspexisse
569 3323 678 3383 videor.
700 3323 780 3396 Quae
796 3325 870 3385 enim
884 3322 1070 3401 iNagraritas
1084 3331 1199 3382 senten·
1294 3315 1295 3370 l

200 3405 310 3466 tiaram!
326 3423 408 3484 quam
420 3407 589 3468 inadfectata
599 3409 703 3468 veritas
715 3407 882 3468 uerborum!
896 3425 969 3485 quae
981 3406 1161 3468 adseveratie
1172 3408 1199 3466 in

198 3487 286 3547 voce!
307 3507 380 3566 quae
394 3489 548 3551 adfirmatio
563 3492 591 3549 in
605 3489 697 3551 vultu!
721 3500 822 3570 quanta
835 3493 864 3552 in
879 3490 990 3569 oculis,
1012 3490 1125 3580 habitu,
1148 3508 1198 3568 ge·
