2632 4096
351 291 616 356 nurerumnuu
636 291 699 354 1111.
721 303 763 358 ιε.
780 303 821 359 m.
996 381 1000 388 Ι
1052 295 1092 359 er

286 543 315 600 C.
339 543 464 596 PLINIUS
480 445 764 596 ARthllIsllNTONINO
783 543 843 596 SUO
863 543 889 595 S.

150 662 392 736 Quemadmodum
406 665 496 742 magis
512 663 672 742 adprobare
684 663 735 723 tihi
747 681 866 742 possum
881 673 985 742 quanto
1002 680 1115 742 opere1

69 747 174 807 tmirer
198 750 401 826 epigrammata
427 757 475 808 tua
492 745 609 813 ¹(lraeca
633 765 716 826 quam
741 747 818 827 quod
838 748 975 828 quaedam
993 746 1092 808 Latina

88 829 220 891 aemulari
240 841 270 891 et
290 834 452 910 exprimere
472 829 629 910 temptavi?
655 832 683 890 in
700 830 828 893 deterius
843 842 948 893 tamen.
978 831 1093 892 Accidit

88 913 142 974 hoc
158 916 281 993 primum
295 915 482 978 inbecillitate
497 917 604 994 ingenii
621 917 688 993 mei,
705 915 809 976 deinde
824 918 922 995 inopia
938 934 971 976 ac
983 918 1090 994 potius,

88 1007 116 1058 ut
128 997 281 1060 Lucretius
296 1002 350 1078 ait,
366 1009 497 1078 egestate
512 1001 594 1079 patrii
611 1000 761 1062 sermonis.
791 999 916 1073 Quodsi
931 999 1003 1060 laec
1018 1018 1118 1079 quaes

88 1091 150 1142 sunt
171 1092 201 1143 et
220 1082 317 1144 latina
337 1093 366 1144 et
386 1102 449 1145 mea
471 1083 579 1145 lrabere
593 1083 645 1144 tibi
659 1082 766 1160 aliquid
782 1086 940 1146 venustatis
955 1084 1093 1146 videbun·

52 1173 145 1244 autur,
167 1177 302 1245 quantum
323 1178 405 1246 putas
426 1168 523 1228 inesse
544 1169 579 1228 iis
601 1167 709 1244 gratiae
726 1184 798 1245 quae
813 1176 842 1227 ct
857 1186 873 1227 a
887 1177 916 1229 te
933 1177 963 1228 et
983 1165 1092 1230 Graece

88 1247 291 1327 proferuntur?
322 1251 404 1312 Vale.

599 1400 611 1459 l
641 1441 649 1458 .

214 1495 242 1552 G.
263 1495 389 1549 PLINIUS
409 1397 812 1548 umpunlllllnssfflspunnsu
831 1497 915 1548 SUAE
934 1495 960 1548 S.

52 1629 80 1680 15
148 1611 222 1674 (tum
244 1617 287 1676 sis
303 1615 419 1693 pietatis
436 1616 598 1694 exemplum
612 1616 785 1694 fratremque
802 1617 938 1694 optimum
954 1625 983 1676 et
1000 1634 1115 1686 aman-1

88 1698 225 1758 tissimum
245 1699 286 1758 tui
307 1701 367 1776 pari
391 1700 507 1760 caritate
525 1698 659 1760 dilexeris
675 1699 817 1778 filiamque
835 1701 897 1760 eius
912 1709 943 1760 ut
959 1707 1035 1759 tuam
1050 1700 1091 1760 di·

88 1781 156 1858 ligas
170 1802 227 1843 nec
242 1790 349 1842 tantum
363 1785 462 1843 amitae
478 1785 504 1843 ei
519 1783 661 1845 adfectum
676 1801 775 1842 verum
793 1785 877 1843 ctiam
892 1785 980 1861 patris
996 1785 1093 1846 amissi

87 1876 302 1944 repraesentes,
319 1884 375 1926 non
389 1866 487 1927 dubito
502 1869 620 1928 maximo
633 1868 684 1928 tibi
695 1866 799 1946 gaudio
812 1866 888 1944 lore,
904 1885 968 1927 oum
984 1884 1092 1946 coguo-

86 1951 160 2010 veris
175 1951 290 2028 dignam
304 1959 395 2027 patre,
413 1950 524 2028 diguam
538 1961 579 2029 te,
595 1952 707 2029 dignam
723 1967 777 2011 avo
794 1949 928 2011 evadere.
950 1950 1119 2020 Summum

51 2042 130 2102 coest
144 2051 284 2111 acumen,
303 2052 408 2094 summa
424 2034 586 2112 frugalitas:
610 2044 683 2095 amat
699 2053 762 2111 me,
779 2036 856 2113 quod
869 2037 1007 2098 castitatis
1022 2036 1092 2096 indi·

88 2118 158 2176 cium
174 2127 230 2179 est.
252 2117 375 2180 Accedit
387 2118 432 2180 his
450 2118 572 2179 studium
589 2119 756 2197 litterarum,
773 2118 849 2198 quod
861 2137 898 2178 ex
908 2121 964 2178 mei
977 2122 1092 2182 caritate

88 2205 230 2280 concepit.
253 2199 336 2262 Meos
354 2202 469 2263 libellos
484 2202 585 2279 habet,
599 2202 720 2281 lectitat,
734 2202 836 2264 ediscit
851 2204 945 2263 etiam.
968 2203 1031 2277 Qua
1044 2204 1119 2272 illae

87 2283 290 2360 sollicitudine,
307 2305 370 2346 cum
383 2287 486 2347 videor
499 2297 625 2364 aeturus,
640 2296 756 2364 quanto,
773 2305 837 2347 cum
849 2289 909 2362 egi,
923 2287 1028 2364 gaudio
1044 2287 1093 2348 ad-

87 2368 189 2432 ficitur!
212 2370 349 2447 Disponit
365 2372 412 2449 qui
433 2373 561 2432 nuntient
581 2372 637 2432 sibi
651 2388 736 2450 quem
755 2371 924 2448 adsensum,
946 2388 1020 2450 quos
1036 2370 1093 2431 cla-

51 2463 179 2516 ttmoras
204 2455 368 2530 excitarim,
390 2472 475 2533 quem
497 2464 631 2515 eventum
649 2454 745 2515 iudicii
765 2455 887 2514 tulerim.
919 2453 1044 2533 Eadem,
1069 2455 1093 2514 si

87 2537 198 2615 quando
217 2539 328 2616 recito,
348 2540 376 2596 in
397 2539 526 2616 proximo
544 2537 670 2599 discreta
690 2537 757 2598 velo
772 2538 855 2599 sedet
870 2537 1028 2616 laudesque
1041 2554 1093 2598 no·

88 2629 156 2682 stras
171 2621 346 2683 avidissimis
366 2623 480 2683 cunnus
500 2625 615 2701 exeipit.
647 2622 756 2682 Versus
776 2621 890 2700 quidem
904 2639 984 2685 meos
1001 2632 1120 2688 canate

88 2706 169 2764 etiam
184 2705 345 2784 formatque
357 2705 473 2782 cithara,
485 2723 542 2766 uon
556 2707 663 2768 artifice
674 2704 771 2785 aliquo
783 2704 907 2766 docente
919 2707 971 2767 sed
982 2724 1092 2788 amore,

89 2790 133 2866 qui
147 2791 287 2866 magister
301 2799 347 2852 est
363 2793 496 2868 optimus.
528 2789 581 2852 llis
601 2809 638 2851 an
653 2793 752 2852 causis.
767 2792 795 2850 in
810 2807 893 2868 spem
908 2793 1119 2858 certissimamt

54 2870 213 2933 manducor
221 2883 390 2951 perpetuam
403 2875 487 2935 nobis
498 2876 692 2953 maioremque
702 2876 731 2934 in
743 2873 804 2936 dies
815 2874 935 2936 futuram
946 2894 1015 2938 essa
1027 2894 1094 2937 con·

91 2956 221 3017 cordiam.
250 2955 315 3017 Nou
334 2961 409 3018 enim
429 2967 551 3019 aetatem
565 2976 656 3018 meam
670 2968 717 3019 aut
734 2976 851 3040 corpus,
872 2977 945 3039 quaa
961 2961 1094 3039 paulatim

91 3039 223 3101 occidunt
244 3059 279 3101 ac
301 3052 472 3120 senescunt,
495 3043 547 3103 scd
567 3042 686 3120 gloriam
706 3041 807 3120 diligit.
839 3042 902 3103 Nec
918 3043 994 3103 aliud
1009 3045 1120 3113 deaetti

90 3124 143 3185 tuis
157 3124 290 3185 manibus
304 3125 468 3203 educatam,
490 3127 546 3188 tuis
564 3128 729 3205 praeceptis
744 3128 916 3204 institutam,
934 3145 1007 3205 quae
1024 3126 1093 3186 uilril

90 3207 322 3269 incontnberuio
343 3219 392 3270 tuo
413 3210 517 3271 viderit
537 3212 592 3271 uisi
613 3219 742 3271 sanctum
767 3210 994 3289 honestumque,
1020 3227 1094 3288 qnae

53 3287 214 3372 todenique
230 3309 321 3354 amare
337 3311 383 3354 me
398 3312 435 3355 ex
449 3304 497 3354 tua
511 3292 724 3372 praedicatione
736 3296 928 3355 consueverit.
947 3291 1017 3353 Nam
1031 3302 1120 3357 cumt

91 3383 206 3436 matrem
226 3394 316 3436 meam
337 3379 464 3456 parentis
486 3376 553 3437 loco
575 3380 735 3450 verereris,
763 3395 809 3438 me
825 3395 842 3438 a
858 3378 981 3455 pueritia
1000 3379 1094 3439 statim

91 3455 224 3535 formare,
240 3458 353 3522 laudare
371 3461 513 3540 talemque
528 3461 620 3540 qualis
634 3479 709 3522 nunc
722 3462 804 3522 uxori
817 3479 898 3520 meae
909 3460 1012 3522 videor
1024 3463 1093 3522 omi·

91 3542 149 3600 uari
170 3541 296 3606 solebas.
336 3542 471 3606 Gertatim
491 3563 562 3622 ergo
586 3546 637 3606 tibi
657 3547 762 3623 gmtias
785 3547 996 3688 agimus,6ego
1019 3545 1121 3624 quode

131 3629 206 3684 Pura
220 3631 269 3686 lla.
