2632 4102
474 305 712 358 robertulo.
1086 321 1115 358 xl

56 477 142 537 gerere
152 461 278 526 miserm,
300 460 938 533 quodestdesingnlommrocabulorumsosiptura‚
956 465 1116 535 (1161111161-

54 562 143 603 verram
155 545 273 616 amlfflri
284 544 376 599 ratione
386 559 508 615 manuue
524 544 620 614 plurimi
637 551 738 600 1111111111
753 544 864 616 regulam
882 545 1019 612 observavi,
1040 550 1115 606 satius

55 631 109 686 duxi
136 628 356 700 antiquissimorum
382 626 533 683 librariorum
568 627 766 684 cousuetudinem
794 628 863 699 sequi
888 643 961 700 mam
982 633 1115 688 recentium

55 715 267 787 grammaticorum
278 711 427 783 diligentiam
438 719 463 766 et
473 726 572 781 pravum
583 711 732 766 constantiae
743 712 848 768 studium
859 713 959 776 imitari.
982 729 1012 768 eo
1034 723 1114 772 mmen

56 802 243 869 temperamento
254 795 360 852 adhibito
371 795 496 850 utrariora
506 795 553 850 nisi
569 795 734 850 consentiente
743 794 851 852 bledireo
868 802 893 850 et
904 795 1018 852 Vaticano
1030 799 1115 855 codiee

54 897 99 937 non
110 881 272 936 admitterem.
293 885 415 949 praeterea
425 879 449 934 in
460 879 614 948 disponendis
624 879 731 950 epistulis
743 877 843 935 lledieei
854 879 945 936 codicis
955 880 1064 936 ordinem
1073 899 1113 938 se-

54 973 120 1021 cutus
131 980 202 1020 sum:
217 978 265 1035 quo
279 963 369 1018 factum
379 969 416 1016 est
425 962 488 1018 utin
499 963 583 1032 quinto
593 963 662 1027 libro.
674 978 730 1018 oum
741 963 888 1034 perturbatio
899 979 914 1018 e
924 965 1061 1022 recentibus
1071 982 1114 1022 co·

54 1049 143 1106 dicibus
154 1053 289 1119 propagata
299 1061 330 1102 ne
340 1047 370 1102 ab
380 1046 442 1102 dido
452 1046 562 1118 quidem,
585 1047 625 1118 qui
635 1057 733 1102 'nonum
749 1046 837 1104 librum
848 1047 940 1118 primus
950 1048 975 1104 iu
985 1050 1112 1120 pristinum

53 1134 160 1188 ordinem
171 1131 284 1195 restitutit,
295 1130 388 1186 sublata
398 1135 469 1193 esset.
480 1145 495 1185 a
505 1130 600 1203 vulgari
610 1145 711 1186 numero
721 1130 882 1186 recedendum
893 1139 964 1187 esset.
985 1149 1061 1189 unum
1072 1135 1113 1190 ad·

52 1217 158 1272 dandum
171 1222 209 1271 est
221 1214 252 1270 de
262 1215 400 1270 nominibus
410 1229 495 1270 eorum
505 1214 534 1270 ad
541 1229 601 1285 quos
612 1214 728 1285 epistulae
738 1214 841 1283 scriptae
851 1221 916 1271 sunt
927 1215 952 1272 in
963 1217 1113 1287 quibuscum

51 1308 75 1355 et
89 1308 147 1356 octo
159 1305 184 1354 et
193 1313 281 1354 uorem
291 1298 406 1354 libmrum
417 1297 561 1368 exemplaria
569 1298 710 1368 plerumque
719 1297 770 1352 sola
780 1298 939 1370 cognomina.
951 1315 1005 1356 raro
1016 1302 1113 1358 nomina

51 1385 195 1448 exhibeant,
213 1383 293 1439 sellun
305 1389 401 1438 centum
411 1382 568 1453 epistularum
579 1383 700 1453 exemplar
710 1389 810 1453 utraque
818 1383 930 1438 serravit.
955 1383 1037 1455 itaque
1047 1386 1072 1440 in
1083 1387 1113 1442 iis

51 1468 161 1539 epistulis
170 1468 194 1522 in
205 1466 291 1538 quibus
301 1473 428 1538 utrumque
438 1480 528 1520 nomen
536 1473 579 1520 aut
588 1465 752 1522 inllorentino
764 1465 847 1521 codiee
857 1467 973 1538 seriptum
984 1475 1026 1524 aut
1035 1483 1067 1524 eu
1076 1470 1113 1524 in·

51 1553 106 1608 dire
114 1551 274 1607 Riccardiano
286 1550 424 1606 adnotatum
436 1549 523 1614 inveni,
536 1551 645 1614 resticula
662 1550 704 1605 ubi
716 1550 853 1606 coniectura
863 1553 1038 1623 momerium
1051 1563 1111 1617 erat.

52 1651 199 1708 quamquam
217 1635 320 1691 Plinium
330 1635 378 1690 duo
388 1634 483 1690 nomina
494 1634 583 1706 ubique
598 1635 707 1705 posuisse
717 1633 832 1699 arbitror,
854 1643 979 1705 propterea
1000 1637 1065 1709 qurod
1087 1638 1112 1694 in

52 1720 167 1775 omnibus
176 1735 224 1775 non
235 1720 317 1790 potui,
338 1725 421 1774 contra
432 1717 543 1774 codicum
554 1717 626 1776 iidem
636 1733 752 1790 reponere
761 1717 835 1774 uolui.
857 1718 896 1772 cui
921 1719 1018 1790 quoidam
1038 1721 1112 1777 detri-

53 1811 135 1859 mento
146 1803 226 1860 indice
234 1804 359 1858 11611ιί11111
369 1803 492 1865 subiecto,
509 1802 530 1857 si
540 1802 612 1858 modo
624 1809 689 1858 certa
699 1802 734 1856 rei
744 1801 832 1856 indicia
842 1809 910 1856 erant
920 1805 989 1870 (nam
999 1804 1112 1874 probabi·

53 1888 146 1945 litatem
157 1887 223 1942 rein
234 1887 275 1942 illo
286 1887 382 1958 quidem
392 1887 460 1958 sepsi
471 1885 565 1955 volui).
586 1887 719 1942 remedium
729 1895 838 1956 peratum
848 1893 893 1942 est.

117 1971 231 2042 Longarm
241 1977 278 2025 est
288 1977 313 2025 et
323 1970 353 2024 ab
361 1969 432 2026 buius
442 1970 553 2026 editionis
562 1971 663 2028 consilio
674 1969 778 2026 alienum
791 1970 848 2042 quid
859 1986 873 2025 a
883 1970 1003 2040 prioribus
1013 1971 1111 2029 editori-

53 2055 99 2110 bus
108 2055 250 2125 praestitam
260 2055 292 2112 sit
303 2069 435 2112 recensere.
468 2055 563 2126 itaque,
573 2061 601 2110 ut
611 2069 731 2112 summam
741 2054 776 2110 rei
787 2055 879 2119 dicam,
890 2052 949 2109 Aldi
959 2061 983 2109 et
994 2053 1110 2113 Censoe

54 2139 172 2194 odinum
183 2139 251 2206 (nam
262 2139 293 2194 de
303 2138 475 2210 antiquioribus
484 2153 556 2208 supra
567 2139 658 2194 dictum
669 2141 719 2208 ast)
730 2139 817 2208 partim
827 2137 937 2210 integrae
946 2139 1032 2208 partim
1044 2140 1111 2196 iden·

55 2223 126 2278 tidem
137 2230 245 2278 mutatae
254 2229 324 2300 sexto
335 2223 428 2278 decimo
438 2223 534 2278 saeculo
545 2237 559 2276 a
569 2223 651 2278 multis
661 2223 776 2293 repetitae
785 2228 850 2278 sunt.
883 2222 1008 2294 egregiam
1028 2230 1110 2279 autem

54 2321 152 2378 operam
162 2306 211 2362 hoo
219 2313 328 2377 tempore
337 2305 413 2362 Plinio
424 2307 542 2377 praestitit
552 2303 651 2362 lacunas
661 2305 831 2371 cenem,
853 2306 1111 2363 cruusemendationes

53 2387 310 2462 iancrieiStepbum'
320 2390 423 2446 editione
435 2391 508 2446 altera
519 2405 581 2446 anno
590 2393 654 2449 16111
669 2391 732 2447 iacta
742 2391 846 2461 primum
855 2390 933 2446 editae
940 2396 1007 2446 sunt.
1024 2390 1111 2446 deinde

52 2473 128 2530 loram
136 2472 262 2540 emese,
273 2475 313 2546 qui
324 2491 386 2531 anno
399 2478 463 2531 1611
476 2474 579 2532 Plinium
590 2475 664 2531 edidit
675 2481 700 2530 et
709 2475 816 2531 Palatino
827 2473 911 2530 mdioa
921 2474 951 2530 ad
963 2473 1111 2529 emendatio·

52 2573 109 2614 nem
119 2558 226 2614 adhibito
236 2559 304 2628 plura
314 2575 385 2631 quiam
396 2559 487 2628 priores
495 2559 598 2622 novavit,
611 2558 739 2614 maximam
749 2558 812 2628 apud
822 2564 931 2628 posteros
943 2557 1109 2614 auctoritatem

53 2649 140 2698 nactus
156 2649 201 2699 eet
231 2658 286 2698 eam
296 2645 360 2700 enim
370 2642 526 2698 editionemii
540 2644 581 2714 qui
592 2650 675 2713 postea
689 2642 792 2699 Plinium
803 2640 941 2706 edidemnt,
963 2640 1107 2705 morem.

54 2723 165 2791 metm,
183 2726 329 2791 lemen,
339 2726 463 2791 cetam.
471 2729 521 2791 alii.
532 2727 566 2782 ita
576 2727 653 2784 secuti
662 2731 727 2791 sunt.
736 2732 765 2781 ut
771 2723 981 2796 Gruterieuemplo
988 2732 1110 2799 mmquam

53 2809 210 2866 fundamento
225 2811 357 2882 scripturae
372 2811 410 2866 usi
425 2826 502 2882 paura
518 2811 556 2866 rel
568 2811 704 2868 coniectura
719 2810 758 2865 vei
773 2809 803 2864 de
819 2810 943 2866 codicibus
959 2817 985 2865 et
993 2811 1110 2880 exemplis

53 2902 109 2948 ante
131 2895 255 2966 impressis
275 2902 403 2951 mutarent.
432 2895 580 2952 emendando
595 2901 675 2951 autem
687 2901 781 2952 ceteros
790 2891 1110 2966 superascendentes

54 2976 196 3044 Gmsooim
209 2979 279 3034 edus
289 2979 454 3035 adnotationes
464 2980 488 3035 in
499 2980 604 3036 editione
613 2979 741 3034 voeabusii
752 2994 814 3034 auno
824 2982 891 3037 1669
901 2979 1006 3034 exhibita
1015 2977 1109 3050 prodie·

55 3069 117 3118 runt.
131 3071 249 3120 rerumet
259 3062 324 3119 buno
332 3071 360 3118 et
369 3062 474 3135 reliquos
484 3079 568 3118 omnes
577 3078 626 3118 non
635 3064 755 3120 intellecta
765 3062 882 3120 librorum
893 3063 1043 3134 interpolatio
1055 3076 1107 3132 pro·

54 3145 130 3202 bont
140 3163 190 3219 quo
201 3148 280 3202 ainus
292 3147 392 3202 feliciter
405 3148 477 3202 iubis
492 3147 600 3219 epistulis
609 3153 767 3203 versaremur.
778 3162 841 3203 unus
846 3145 941 3204 Cortiars
951 3147 1007 3218 quid
1017 3161 1055 3200 res
1067 3159 1110 3214 pe-

55 3230 154 3286 stolaret
163 3231 286 3304 perspexit
296 3237 320 3286 et
330 3230 422 3288 idoneis
438 3231 550 3287 subsidiis
565 3231 697 3287 instrumm
712 3245 800 3286 noram
815 3232 980 3286 recensionem
996 3228 1109 3298 suscepit.

56 3314 116 3370 edita
128 3322 211 3370 antem
221 3321 259 3370 est
269 3315 321 3371 eius
338 3315 411 3372 editio
422 3323 478 3386 post
492 3321 596 3371 mortem
606 3314 682 3371 Cortii
699 3314 729 3370 ab
742 3314 862 3386 longolio
878 3329 940 3369 anno
960 3313 1035 3370 met.
1067 3309 1109 3366 sed

56 3413 109 3454 oum
120 3399 222 3456 lledieei
233 3399 323 3455 codicis
332 3399 439 3455 bonitate
448 3405 532 3470 captans
542 3399 607 3454 buno
622 3414 698 3456 unum
710 3397 896 3479 integerrimum
911 3397 1042 3466 scripturae
1058 3394 1109 3450 iou·

56 3488 102 3538 tem
111 3482 204 3556 ubique
213 3491 361 3554 sequeretur,
372 3483 424 3539 lieri
434 3499 482 3539 non
493 3483 571 3554 potuit
582 3483 639 3555 qtuin
650 3483 726 3538 multa
735 3497 797 3554 quae
807 3482 832 3538 in
842 3481 884 3538 illo
894 3479 1036 3551 interpolata
1046 3485 1111 3542 suut.

58 3580 109 3622 cnm
128 3583 162 3622 ex
178 3567 231 3623 aliis
248 3567 372 3623 codic'drus
388 3567 515 3622 emendare
530 3573 628 3638 posset,
649 3573 777 3637 repeteret.
820 3563 898 3620 multo
919 3571 1000 3619 tamen
1020 3562 1111 3618 rectius
