2616 4096
273 280 920 367 antelucandum-m.[ua.—-ao.1c.]
1034 280 1096 344 223

85 435 231 512 insecus,
252 443 373 513 propter
390 435 630 512 opportunitatem
644 431 703 493 loci
724 405 779 510 pro
792 449 901 492 summo
915 449 1033 493 munere
1048 451 1095 495 ao·

89 520 193 599 cipiet.
213 517 290 596 Ego,
307 521 332 580 si
346 513 523 596 permiseris,
541 519 639 594 cogito
653 517 682 575 iu
695 534 761 576 area
774 533 864 576 vacua
876 514 1016 576 balineum
1028 521 1122 577 eon-3

89 604 210 680 locare,
231 620 295 662 eum
316 611 410 663 autem
431 600 527 663 locum
548 602 576 659 iu
594 617 651 678 quo
672 600 800 660 aedilicia
817 599 932 659 fuemnt
947 599 1051 660 exedra
1066 611 1096 660 et

91 686 254 766 porticibus
269 685 403 765 amplecti
417 695 503 764 atque
519 685 569 744 tibi
584 701 767 758 consecrare,
783 684 864 744 cuius
876 682 1019 744 beneflcio
1033 682 1094 744 ele·

55 786 165 849 sgaus
179 787 252 849 opus
270 768 440 849 dignumque
457 770 569 828 nomine
590 777 640 829 tuo
664 768 722 828 det.
751 766 907 846 Exemplar
920 769 1122 845 testamenti,4

90 871 261 932 quamquam
273 852 456 929 mendosum,
470 853 534 912 arisi
552 853 617 920 tibi;
637 869 674 910 ex
689 868 746 930 quo
761 868 924 928 cognosces
938 849 1025 912 multu
1040 851 1094 911 Po·

88 938 225 1014 lyconum
238 939 266 996 iu
282 936 409 998 eiusdem
425 937 525 996 domus
536 944 663 996 ornatum
677 932 843 1014 reliquisse,
860 953 932 1014 quae
949 945 978 996 ut
994 935 1093 996 domus

88 1025 156 1100 ipsa
172 1023 335 1101 perierunt,
351 1038 427 1082 ame
442 1030 551 1094 tamen,
566 1021 594 1077 iu
610 1026 741 1097 quantum
753 1021 888 1096 potuerit,
904 1021 1094 1098 requirentur.

455 1150 555 1213 uxxr.
572 1149 721 1230 [uxum]

429 1249 591 1302 TRAIANUS
605 1250 712 1302 PLINIO
730 1249 756 1300 S.

154 1354 309 1416 Possumus
328 1353 402 1434 apud
422 1353 581 1415 Prusenses
598 1358 664 1412 area
684 1353 739 1412 ista
760 1370 823 1412 cum
839 1353 924 1414 domo
943 1353 1092 1433 conlapsa,

90 1456 176 1516 quam
190 1455 293 1498 vacare
307 1438 428 1514 scribis,
443 1437 478 1498 ud
493 1438 700 1498 extructionem
715 1435 819 1496 balinei
832 1439 881 1500 uti,
910 1435 984 1497 lllud
999 1447 1093 1499 tamen

89 1539 189 1600 parum
210 1523 378 1601 expressisti
397 1541 433 1581 an
452 1519 540 1582 aedes
559 1521 588 1579 in
608 1519 757 1600 peristylio
773 1519 892 1581 Claudio
912 1521 987 1583 lacta
1002 1532 1092 1583 esset.

42 1617 79 1670 15
88 1604 162 1748 lispm
183 1607 207 1666 si
229 1605 304 1666 faeta
325 1614 387 1683 est,
410 1603 480 1666 lieet
502 1602 639 1682 conlapsa
659 1605 712 1681 sit,
738 1603 841 1681 religio
863 1606 924 1666 eius
941 1607 1093 1685 occuparit

90 1706 125 1751 so
138 1708 193 1749 um.

40 1197 80 1248 10

446 1819 558 1882 uxxur.
573 1819 733 1900 [luxum]

321 1921 348 1976 G.
365 1920 489 1972 PLlNlUS
504 1921 645 1972 TRAlANO
663 1920 869 1975 IMPERATORI.

43 2035 82 2086 20
153 2022 364 2086 Postulantibus
388 2024 554 2104 quibusdam
571 2033 601 2085 ut
623 2024 659 2084 de
672 2023 871 2102 agnoscendis
889 2024 988 2086 liberis
1007 2029 1091 2087 resti·

90 2107 261 2187 tuendisque
273 2107 411 2169 natalibus
425 2117 455 2168 et
466 2107 620 2169 secundum
631 2109 781 2188 epistulam
792 2108 942 2170 Domitiani
956 2112 1091 2190 scriptam

89 2189 206 2251 Minicio
223 2191 296 2252 llulo
312 2202 342 2253 et
362 2190 518 2254 secuudum
539 2191 670 2271 exempla
683 2191 888 2272 proconsulum
901 2194 965 2272 ipse
981 2211 1089 2272 coguo-

90 2292 216 2352 scerem,
233 2277 349 2354 respexi
364 2275 400 2336 ad
414 2285 529 2337 senatus
547 2275 706 2336 consultum
720 2277 867 2355 pertinens
881 2274 915 2335 ad
928 2276 1027 2338 eadem
1038 2297 1090 2355 ge-

89 2375 159 2418 nera
174 2375 335 2437 causarum,
358 2359 435 2438 quod
449 2359 486 2420 de
504 2361 538 2420 iis
556 2367 661 2420 tautum
678 2361 832 2437 prouinciis
846 2358 971 2437 loquitur
988 2363 1090 2439 quihus

46 2440 281 2520 asprocousules
298 2453 447 2522 praesunt;
467 2443 592 2522 ideoque
606 2461 666 2503 rem
680 2446 818 2521 integram
832 2442 943 2522 distuli,
967 2444 1032 2504 dum
1047 2454 1090 2523 tu,

89 2523 214 2604 domine,
230 2528 414 2606 praeceperis
429 2527 495 2606 quid
509 2527 665 2588 obseruare
679 2544 725 2587 me
739 2525 821 2588 velis.

434 2659 745 2740 uxxmmxxvuu]

419 2759 582 2812 TRAlAllUS
604 2761 710 2813 rutulo
732 2760 758 2810 S.

48 2875 82 2930 ao
151 2860 182 2920 Sl
196 2861 262 2921 ruilri
276 2870 391 2923 senatus
407 2861 566 2924 consultum
580 2865 708 2941 miseris,
724 2861 799 2941 quod
811 2861 1026 2924 haesitationem
1039 2864 1091 2924 tibi

90 2943 172 3022 iecit,
187 2945 343 3006 aestimabo
362 2963 398 3005 an
412 2945 519 3007 debeas
536 2964 716 3025 cognoscere
735 2946 771 3007 de
784 2945 975 3024 agnoscendis
990 2945 1090 3009 liberis

90 3037 119 3087 et
133 3027 271 3089 natalibus
287 3030 365 3090 veris
378 3031 570 3091 restituendis.

460 3161 601 3223 LXXllll.
621 3162 718 3241 [xvi]

47 3285 80 3342 35
307 3260 335 3316 e.
355 3261 482 3313 uumrus
500 3261 644 3313 unmnuo
660 3261 871 3312 muunnuom.

149 3360 322 3440 Appuleius,
338 3362 462 3441 domine,
479 3362 573 3440 miles,
590 3365 638 3442 qui
650 3373 695 3424 est
705 3364 733 3422 iu
745 3363 866 3422 statione
877 3360 1089 3440 Nicomedensi,
1098 3374 1109 3428 1

89 3446 204 3524 scripsit
223 3445 289 3505 milui
309 3447 448 3524 quendam
466 3449 578 3508 nomino
594 3446 810 3524 Callidromum,
831 3464 894 3506 euru
916 3444 1091 3507 detineretur

88 3527 242 3589 allaximo
262 3540 292 3590 et
306 3529 447 3607 Dionysio
461 3532 633 3610 pistoribus,
655 3530 758 3611 quibus
775 3546 878 3611 operes
894 3548 960 3592 suas
974 3529 1089 3591 locave-
