2616 4096
212 312 276 376 222
514 309 547 371 G.
567 309 665 371 PLlNl
685 309 734 370 tit
757 307 914 370 tttttntu

187 467 357 544 uexigentc.
389 463 469 526 llaec
488 464 517 524 in
537 465 664 524 notitiam
677 471 751 522 tuam
766 458 937 540 perferenda
951 459 1128 536 existimari,
1152 460 1214 538 quia

213 551 342 628 proxime
360 549 532 627 scripseram
546 549 656 626 petisse
676 544 843 622 Lycomnam
860 553 891 602 ut
909 541 1100 620 legationem,
1121 543 1214 621 siqua

213 635 341 694 venisset
354 650 371 692 a
385 631 529 710 bosporo,
543 648 636 709 usquo
650 631 679 690 in
694 629 844 690 adventum
854 645 935 686 suum
945 627 1110 687 retinerem.
1131 623 1214 698 Quod

213 717 316 778 diutim
330 714 453 776 faciendi
471 714 548 774 nulla
561 714 629 774 mihi
643 711 800 794 probabilis
812 713 882 772 ratio
898 712 1032 786 occurrit,
1046 710 1215 786 praesertim

214 819 277 862 cum
288 797 428 878 epistulae
442 797 614 874 Lycormae,
630 815 700 876 quas
717 795 862 872 detinere,
876 803 907 855 ut
920 802 984 854 ante
1001 792 1150 872 praedixi,
1165 801 1232 854 no·5

212 884 263 961 lui,
275 881 383 961 aliquot
397 880 498 944 dicbus
512 881 588 941 bunc
602 881 727 958 legatum
741 889 944 940 antecessurae
955 877 1130 940 viderentur.

567 1014 693 1076 LXVII!-
711 1011 859 1092 [cxxiii]

440 1117 467 1169 (l.
482 1115 609 1168 PLINIUS
625 1113 770 1166 TRAIANO
784 1109 993 1163 monstratu.

276 1219 443 1283 Potentibus
457 1221 624 1301 quibusdam
636 1230 669 1282 ut
684 1219 738 1281 sibl
751 1217 886 1296 reliquias
905 1231 1021 1277 snorum
1033 1223 1081 1275 aut
1095 1222 1213 1292 propter
1220 1223 1248 1275 lt

213 1306 339 1366 iniuriam
361 1306 511 1367 vetustatis
531 1314 579 1366 aut
598 1312 718 1385 propter
737 1301 858 1362 lluminis
877 1301 1020 1360 incursum
1038 1297 1150 1378 aliaque
1170 1295 1211 1356 bis

214 1388 314 1450 similia
328 1407 523 1468 quaecumque
542 1388 697 1451 secundum
718 1384 879 1466 exemplum
898 1381 1103 1462 proconsulum
1124 1391 1210 1442 traus-

214 1471 291 1532 ierrc
311 1474 523 1551 permitterem,
547 1474 612 1551 quia
632 1471 758 1533 sciebam
777 1471 805 1529 in
825 1468 896 1529 urbe
910 1475 1007 1528 nostra
1022 1485 1060 1528 cx
1076 1463 1211 1530 eiusmodi

216 1572 302 1616 causa
319 1554 474 1632 collegium
488 1556 652 1636 pontificum
665 1555 734 1615 adiri
748 1551 856 1630 solerc,
870 1561 910 1628 te,
926 1550 1049 1630 dominc,
1065 1552 1212 1612 maximum

214 1640 379 1718 pontificem
396 1639 601 1702 consulendum
615 1640 711 1719 putari
725 1637 794 1718 quid
808 1637 964 1699 observare
979 1654 1025 1696 mc
1037 1633 1122 1696 aclis.
1219 1645 1246 1698 15
1289 1617 1290 1668 l

565 1769 866 1851 nxvuu.[nxx1v.]
1290 1721 1291 1780 l

544 1871 708 1925 TRAIANUS
724 1871 829 1923 PLINIO
849 1872 876 1922 S.

274 1973 381 2032 Durum
393 1983 439 2036 est
449 1976 596 2054 iniungere
606 1977 807 2037 necessitatem
818 1973 1038 2054 provincialibus
1049 1975 1212 2054 pontificum
1292 1932 1293 1994 l

212 2056 416 2134 adcundorum,
433 2059 457 2118 si
470 2057 606 2137 reliquias
625 2078 739 2121 suorum
751 2068 871 2138 propter
883 2057 992 2137 aliquas
1007 2059 1095 2120 iustas
1113 2066 1247 2121 causmttt
1293 2035 1294 2102 l

212 2138 367 2201 transferre
382 2158 420 2200 ex
432 2139 499 2200 loco
518 2143 547 2201 in
567 2142 650 2203 alium
666 2143 761 2204 locum
776 2143 874 2203 velint.
907 2142 1058 2220 Sequenda
1073 2158 1146 2219 ergo
1161 2158 1211 2222 po·

212 2226 268 2286 tius
283 2223 334 2284 tibi
355 2223 486 2302 exempla
507 2235 571 2287 sunt
590 2244 688 2287 eorum
710 2229 757 2306 qui
777 2228 824 2287 isti
842 2227 1008 2305 provinciae
1028 2225 1211 2305 praefuerunt

213 2317 243 2370 et
257 2326 295 2368 ex
310 2324 393 2368 causa
409 2310 512 2388 cuique
528 2311 566 2370 ita
580 2320 627 2372 aut
641 2310 859 2390 permittendum
874 2319 921 2371 aut
937 2309 1107 2388 negandum.

591 2442 677 2504 axx.
699 2443 832 2522 [luxu]

435 2541 461 2592 ὓ.
477 2541 603 2594 PLINIUS
619 2541 765 2594 Tantalio
780 2541 988 2597 IMPERA‘rottt.

192 2658 205 2708 1
276 2644 430 2718 Quaerenti
443 2645 526 2725 milri,
544 2646 667 2724 domine,
684 2645 790 2708 Prusae
805 2647 853 2706 ubi
867 2656 969 2726 posset
981 2645 1122 2707 balineum
1137 2644 1214 2726 quod

213 2726 354 2790 indulsisti
369 2730 447 2808 iieri,
468 2729 576 2809 placuit
590 2728 673 2791 locus
691 2731 720 2790 in
737 2748 794 2809 quo
809 2731 861 2790 luit
877 2729 1027 2810 aliquando
1042 2729 1161 2810 domus,
1183 2740 1214 2790 ut

212 2811 306 2888 audio,
323 2810 451 2891 pulchra,
466 2833 541 2874 nunc
555 2814 689 2875 deformis
704 2817 800 2874 ruinis.
825 2813 880 2874 Per
889 2813 946 2875 boc
962 2816 1036 2874 enim
1051 2831 1213 2894 conseque·

212 2911 274 2952 mur
287 2899 319 2954 ut'
336 2894 500 2956 foedissima
520 2896 609 2958 iacies
630 2900 751 2960 civitatis
774 2907 889 2959 ornetur
906 2907 991 2977 atque
1007 2900 1090 2959 etiam
1105 2907 1137 2958 ut
1152 2899 1251 2977 ipsaao

211 2978 310 3038 civitas
329 2977 478 3054 amplietur
496 2998 551 3039 neo
572 2979 629 3041 ulla
649 2982 777 3043 aedificia
797 2980 946 3060 tollantur,
966 2982 1037 3058 sed,
1059 2989 1214 3059 quaesunt

184 3071 352 3125 aretnstate
367 3061 512 3141 sublapsa,
527 3062 690 3127 relaxentur
704 3067 732 3125 in
746 3064 859 3126 melius.
890 3063 945 3126 list
956 3073 1049 3125 autem
1062 3065 1147 3125 buius
1163 3064 1213 3124 do·

210 3164 272 3208 mus
289 3147 412 3209 conditio
428 3146 508 3208 talis:
529 3146 676 3226 legaverat
691 3167 753 3210 eam
768 3147 901 3211 Claudius
916 3147 1076 3224 Polyaenus
1092 3146 1213 3209 Claudio

212 3229 327 3291 Caesam
348 3233 488 3310 iussitque
509 3233 537 3291 in
558 3233 708 3310 peristylio
730 3232 866 3310 templum
888 3235 916 3294 ei
938 3234 1015 3308 beri,
1042 3231 1154 3311 reliqua
1175 3249 1212 3292 ex

210 3314 293 3374 domo
309 3314 404 3376 locari
427 3314 473 3375 Ex
482 3334 516 3377 ea
529 3315 650 3376 reditum
660 3317 818 3397 aliquandiu
831 3317 929 3378 civitas
942 3317 1088 3396 percepit:
1105 3316 1211 3378 deindo
1220 3322 1251 3380 ³5

210 3398 343 3475 paulatim
362 3401 462 3477 partim
483 3399 603 3478 spoliata
627 3403 726 3478 partim
747 3401 882 3478 neglecta
905 3419 968 3461 cnm
988 3397 1138 3480 peristylio
1160 3399 1213 3460 do·

209 3500 271 3541 mus
291 3491 351 3542 tota
371 3482 507 3560 conlapsa
528 3492 588 3559 cst,
615 3501 649 3543 ac
668 3486 720 3544 iam
742 3502 834 3563 paene
851 3484 919 3544 nihil
940 3503 980 3544 ex
1000 3486 1101 3546 canisi
1116 3483 1213 3546 solum

209 3573 356 3640 superest3
372 3566 448 3642 quod
462 3574 503 3641 tn,
520 3564 648 3644 domine,
664 3569 726 3626 sive
745 3566 893 3629 donaveris
907 3569 1014 3629 civitati
1032 3569 1094 3628 sive
1108 3570 1211 3628 venire

1219 2491 1249 2544 ti
