2632 4096
220 273 262 337 74
647 271 682 334 (l.
702 270 799 332 PLlNl

220 426 379 502 bitraretur,
396 427 538 506 pontilicis
551 427 663 486 maximi
675 427 736 485 iure
752 442 804 485 seu
815 426 911 504 potius
922 425 1091 484 immanitate
1102 427 1227 503 tyranni,

219 511 336 571 licentia
352 510 473 588 domini,
493 508 624 588 reliquos
645 508 797 588 pontifices
811 525 868 568 nou
883 511 912 567 in
926 505 1045 585 Regiam
1062 507 1115 568 sed
1130 510 1159 566 in
1174 509 1227 568 Al·

220 596 318 654 banam
332 593 428 654 villam
444 596 623 654 convocarit.
655 592 719 653 Nec
736 595 843 652 minore
857 591 973 652 scelere
994 609 1076 668 qnam
1091 592 1169 668 quod
1183 592 1227 651 ul·

221 681 292 740 cisci
307 677 455 738 videbatur
469 678 617 737 absentem
638 676 844 755 inauditamque
859 674 998 735 damnavit
1015 676 1135 754 incesti,
1159 694 1225 735 cum

220 765 284 842 ipse
302 762 395 822 fratris
418 761 501 821 liliam
521 763 633 820 incesto
653 777 710 820 non
729 758 882 838 polluisset
902 757 994 819 solum
1015 776 1114 817 verum
1138 763 1252 819 etiam5

197 854 214 912 7
221 846 390 906 occidisset:
416 863 479 904 nam
505 845 588 903 vidua
608 843 707 903 abortu
727 845 823 923 periit.
855 841 936 904 Missi
957 844 1050 902 statim
1070 843 1225 921 pontifices

221 931 269 1008 qui
282 926 479 988 defodiendam
493 927 705 1005 necandamque
725 937 865 986 curarent.
895 924 948 986 Illa
968 944 1042 985 nunc
1057 926 1092 985 ad
1106 926 1227 988 Vestam

219 1031 293 1072 nunc
308 1011 343 1070 ad
358 1019 473 1071 ceteros
485 1010 556 1071 deos
571 1029 668 1072 manus
683 1010 820 1089 tendens,
837 1009 934 1088 multa,
950 1009 1003 1070 sed
1016 1009 1073 1069 boo
1090 1009 1226 1089 frequen·
1308 1059 1309 1082 ,

219 1097 327 1156 tissime
351 1092 512 1155 clamitabat
533 1100 590 1155 ‘me
614 1092 720 1155 Caesar
741 1097 878 1154 incestam
899 1103 992 1173 putat,
1017 1110 1071 1172 qua
1085 1112 1168 1154 sacra
1183 1094 1227 1154 ia·

196 1181 316 1243 sciente
335 1180 404 1239 vicit
424 1179 627 1257 triumpharit?
647 1177 797 1238 Blandiens
812 1178 883 1238 baec
901 1195 935 1238 an
951 1177 1087 1255 inridens,
1102 1178 1271 1247 exlidu·1o

221 1266 264 1323 cia
284 1264 328 1324 sui
346 1282 380 1323 an
402 1282 439 1323 ex
460 1273 624 1343 contemptu
639 1264 776 1342 principis
795 1261 896 1322 dirredt
916 1261 1030 1321 dubium
1048 1269 1102 1322 est.
1133 1261 1225 1340 Dixit,

220 1347 314 1408 donec
334 1347 370 1406 ad
385 1345 575 1427 supplicium,
591 1349 691 1408 nescio
705 1364 740 1405 an
754 1348 909 1422 innocens,
931 1354 1011 1406 certe
1026 1354 1165 1423 tamquam
1182 1347 1227 1405 in·

191 1438 338 1505 9nocens,
355 1430 439 1489 ducta
454 1439 510 1490 est.
540 1429 615 1504 Quin
633 1433 717 1491 etiam
737 1447 800 1490 curn
815 1432 844 1488 in
858 1428 927 1489 illud
943 1429 1155 1490 subtemaneum
1174 1430 1225 1492 de·

218 1517 377 1573 mitteretur
391 1513 592 1591 haesissetque
608 1513 792 1574 descendenti
813 1512 904 1591 stola,
931 1515 1016 1573 vertit
1031 1532 1064 1573 se
1080 1530 1113 1572 ac
1127 1513 1225 1574 recol·

219 1597 309 1674 legit,
331 1614 451 1674 cumque
470 1598 497 1656 ei
518 1615 627 1657 manum
649 1597 774 1657 camilon
790 1596 886 1674 daret,
908 1606 1036 1657 aversata
1048 1607 1093 1656 est
1107 1608 1137 1659 et
1150 1600 1224 1657 resi·
1236 1616 1270 1668 15

218 1682 271 1741 luit
291 1681 463 1759 foedumque
486 1690 647 1741 contactum
669 1683 748 1759 quasi
767 1680 850 1760 plane
871 1698 888 1740 a
910 1691 990 1741 casto
1012 1699 1142 1760 puroque
1158 1697 1224 1741 cor·

219 1783 291 1846 pore
305 1767 459 1826 norissima
474 1767 624 1826 sanctitate
639 1767 752 1841 reiecit,
769 1764 956 1844 omnibusque
971 1767 1094 1825 numeris
1103 1764 1224 1844 pudoris

179 1861 213 1912 lo
220 1842 349 1926 πολλὴν
360 1842 525 1926 πρόνοιαν
537 1848 631 1925 ἔσχεν
643 1840 820 1930 εὐσχήμων
826 1856 949 1908 πεσεῖν.
964 1847 1115 1910 Praeterea
1123 1846 1223 1926 Celer,

221 1950 311 2010 eques
327 1930 481 2008 Romanus,
500 1934 544 1992 cui
561 1930 693 1992 Cornelia
709 1933 898 2010 obiciebatur,
915 1951 978 1992 eum
993 1934 1021 1991 in
1037 1934 1151 1992 comitio
1165 1935 1224 1992 vir·
1310 1943 1311 1946 ’

155 2082 162 2088 ἡ
220 2017 264 2091 gis
281 2013 460 2091 caederetur,
476 2017 503 2074 in
516 2015 569 2075 hac
581 2013 655 2076 loce
676 2026 848 2096 persteterat
869 2016 948 2094 ‘quid
962 2013 1041 2076 leci?
1056 2015 1125 2076 nihil
1140 2016 1223 2076 leci’
1233 2039 1270 2090 20

179 2097 344 2161 llArdebat
366 2116 436 2175 ergo
451 2099 628 2160 Domitianus
648 2110 678 2160 et
693 2099 869 2160 crudelitatis
883 2111 913 2162 et
929 2101 1083 2178 iniquitatis
1098 2100 1223 2160 infamia.

219 2182 326 2259 Arripit
346 2180 518 2242 Licinianum
545 2182 621 2262 quod
643 2186 672 2243 in
694 2187 771 2262 agris
792 2186 851 2244 suis
874 2183 1048 2245 occultasset
1069 2182 1221 2244 Corneliae

219 2265 359 2325 libertam.
379 2264 433 2326 Ille
450 2267 485 2325 ab
501 2268 536 2327 iis
552 2267 654 2346 quibus
669 2279 730 2328 erat
750 2285 835 2327 curae
855 2277 1073 2346 praemonetur,
1094 2271 1119 2328 si
1135 2271 1222 2328 comi·
1311 2307 1312 2312 κ

218 2351 287 2410 tium
301 2358 331 2410 et
344 2351 440 2427 virgas
456 2353 514 2429 pati
528 2350 635 2427 nollet,
655 2351 690 2412 ad
709 2351 920 2413 confessionem
935 2351 1125 2428 confugeret,
1141 2354 1222 2430 quasi

180 2445 212 2496 12
220 2433 255 2493 ad
272 2435 396 2493 veniam:
418 2432 499 2494 iecit.
520 2433 643 2495 Locutus
662 2445 706 2496 est
721 2453 773 2514 pro
789 2435 909 2496 absente
922 2432 1081 2496 llerennius
1096 2437 1221 2496 Senecio
1232 2450 1268 2502 25

219 2516 276 2578 tale
294 2517 424 2596 quiddam
438 2517 521 2596 quale
537 2528 582 2580 est
595 2518 666 2579 illud
681 2527 784 2578 aetnae
799 2513 1001 2596 Πάτροκλος.
1019 2520 1068 2579 Ait
1082 2521 1157 2580 euim
1173 2524 1222 2578 ‘ex

179 2610 211 2664 1³
221 2600 360 2661 advocato
377 2605 491 2663 nuntius
507 2603 599 2663 factus
613 2621 688 2664 sum:
701 2602 862 2664 Licinianus
873 2605 1017 2664 recessit?
1040 2600 1154 2664 Gratum
1164 2602 1222 2664 lroc

219 2682 395 2761 Domitiano,
412 2685 485 2746 adeo
499 2686 612 2764 quidem
626 2697 656 2745 ut
672 2685 777 2764 gaudio
793 2686 964 2765 proderetur
978 2686 1147 2765 diceretque
1160 2687 1223 2747 ‘ab-

221 2765 307 2826 solvit
327 2783 380 2829 nos
400 2767 583 2829 Licinianus!
624 2770 740 2830 Adiecit
758 2773 841 2830 etiam
862 2787 919 2830 non
939 2789 1006 2832 esse
1028 2770 1221 2832 verecundiae

221 2851 284 2908 eius
299 2849 472 2911 instandum:
497 2854 553 2930 ipsi
568 2869 638 2913 vero
657 2856 803 2931 permisit,
831 2857 856 2915 si
872 2871 927 2932 qua
940 2865 1057 2932 posset,
1084 2873 1121 2915 err
1134 2855 1268 2922 rebuseo

220 2934 280 2993 suis
296 2942 426 3011 raperet,
443 2943 507 2994 ante
521 2952 602 3013 quam
617 2937 691 2997 bona
705 2937 932 3016 publicarentur,
947 2938 1119 3017 exiliumque
1132 2939 1222 3000 molle

178 3015 301 3084 14velut
322 3019 475 3095 praemium
495 3018 584 3079 dedit.
615 3019 661 3080 Ex
680 3038 737 3100 quo
756 3030 850 3083 tamen
869 3033 971 3100 postea
992 3022 1143 3083 clementia
1163 3022 1222 3082 diri

219 3097 333 3163 Nervae
347 3100 496 3163 translatus
511 3113 556 3164 est
569 3106 598 3163 in
612 3105 749 3184 Siciliam,
765 3105 813 3165 ubi
827 3124 902 3166 nune
917 3106 1066 3183 profitetur
1078 3124 1170 3186 seque
1185 3106 1222 3166 de

178 3184 332 3252 lniortura
347 3185 570 3264 praelationibus
590 3189 724 3250 vindicat.
754 3188 842 3250 Vides
866 3207 948 3268 quarn
961 3192 1158 3269 obsequenter
1170 3208 1222 3269 pa·

219 3287 297 3328 ream
313 3269 382 3348 tibi,
399 3272 447 3348 qui
462 3288 519 3331 non
533 3272 625 3333 solum
640 3291 688 3334 res
701 3274 821 3333 urbanas
835 3291 935 3334 verum
950 3275 1036 3334 etiam
1052 3276 1264 3353 peregrinasse

219 3363 274 3413 tam
288 3353 390 3414 sedulo
405 3356 502 3416 scribo
519 3365 550 3417 ut
563 3355 647 3418 altius
661 3367 799 3434 repetam.
821 3355 858 3417 Et
871 3375 939 3418 sane
950 3359 1083 3437 putabam
1095 3367 1136 3434 te,
1155 3360 1222 3437 quia

219 3446 286 3496 tunc
308 3437 420 3515 amisti,
443 3439 512 3499 nibil
531 3440 606 3500 aliud
628 3439 665 3499 de
678 3438 821 3501 Liciniano
835 3441 949 3502 audisse
964 3458 1047 3520 qnam
1060 3441 1222 3519 relegatum

220 3520 257 3576 ob
273 3521 423 3580 incestum.
445 3522 585 3584 Summam
599 3524 672 3583 enim
687 3541 781 3584 renum
793 3528 900 3587 nuntiat
914 3525 997 3604 fama,
1014 3542 1071 3586 non
1082 3524 1221 3586 ordinem.
