2632 4096
192 265 234 329 54
482 283 489 296 ·
618 262 650 325 c.
672 263 772 325 l’bllll

191 427 245 476 tur.
267 416 409 498 Hispanus
423 427 452 478 et
466 415 576 477 Probus
590 419 619 478 in
631 418 848 497 quinquennium
860 416 992 495 relegati.
1012 415 1094 478 Adeo
1106 436 1200 496 mave

150 509 184 564 18
192 503 283 560 uisum
298 511 343 562 ast
359 501 435 581 quod
451 501 529 561 initio
543 501 720 563 dubitabatur
730 520 765 562 an
775 502 888 561 omuino
900 502 1005 561 crimen
1017 511 1104 562 esset.
1127 501 1201 562 Post

192 602 302 663 paucos
317 585 379 646 dies
391 582 538 645 Claudium
548 584 683 663 Fuscum,
699 582 822 645 Classici
833 603 983 663 generum,
1001 593 1031 644 et
1046 584 1201 646 Stilonium

192 668 335 748 Priscum,
361 671 409 747 qui
429 669 556 728 tribunus
572 670 699 729 cohortis
715 668 768 729 sub
784 665 914 728 Classico
929 668 1033 746 iuerat,
1048 672 1200 730 accusavi·

192 770 266 830 mus,
282 750 387 830 dispari
403 761 521 812 eventu:
537 751 636 813 Prisco
651 754 680 811 iu
694 752 835 812 biennium
849 751 930 813 Italia
940 751 1130 830 interdictum,
1147 754 1229 818 ab·5
1307 773 1308 792 ¹

152 846 185 899 19
193 835 304 896 solutus
320 844 365 895 est
379 835 498 895 Fuscus.
532 835 654 896 Actione
669 838 752 896 tertia
767 835 1023 896 commodissimum
1036 839 1201 915 putavimus

193 918 292 998 pluras
307 935 505 996 congregare,
519 937 573 997 ne,
591 922 615 978 si
630 918 743 996 longius
759 928 838 980 esset
855 928 982 980 extracta
997 919 1134 998 cognitio,
1152 939 1200 982 su-

192 1005 290 1063 tietate
307 1011 336 1062 et
357 1001 452 1062 taedio
473 1003 594 1082 quodam
614 1005 719 1063 iustitia
742 1004 977 1082 cognoscentium
997 1005 1200 1084 severitasque

191 1085 408 1162 languesceret;
422 1094 452 1145 et
464 1086 570 1165 alioqui
581 1095 749 1164 supererant
761 1088 884 1147 minores
895 1089 938 1148 rei
950 1086 1013 1148 data
1023 1104 1111 1165 opera
1117 1088 1201 1150 bunc
1307 1077 1308 1118 l

191 1171 219 1228 in
234 1169 329 1230 locum
343 1173 499 1248 reservati,
521 1179 644 1249 excepta
657 1179 750 1230 tamma
767 1167 888 1230 Classici
902 1187 1010 1248 uxore,
1033 1189 1105 1250 quae
1121 1174 1246 1243 sicutne

191 1252 318 1332 inplicita
333 1256 538 1333 suspitionibus
552 1257 591 1315 ita
604 1273 661 1315 uon
676 1256 745 1316 satis
761 1257 893 1314 convinci
908 1255 1123 1333 probationibus
1134 1257 1201 1317 uisa

149 1346 247 1406 uuest.
277 1336 348 1398 Nam
368 1337 490 1399 Classici
506 1338 578 1415 iilia,
602 1355 675 1417 quae
696 1347 726 1398 et
745 1339 808 1415 ipsa
829 1340 904 1398 inter
917 1357 985 1399 reos
1001 1349 1075 1415 erat,
1096 1358 1133 1398 ue
1149 1357 1200 1398 su·

192 1421 363 1499 spitiouibus
384 1422 499 1502 quidem
518 1422 663 1482 haerebat.
702 1420 801 1499 ltaque
821 1440 884 1482 cum
905 1421 940 1482 ad
962 1440 1065 1483 nomeu
1086 1425 1148 1484 eius
1167 1425 1201 1482 iu

192 1514 318 1564 extrem
332 1507 446 1566 actione
461 1507 622 1580 venissem,
646 1505 754 1585 (neque
771 1507 845 1565 enim
865 1515 896 1566 ut
916 1508 995 1574 initio
1011 1508 1054 1568 sic
1070 1509 1154 1568 etiam
1167 1509 1201 1568 in

192 1589 248 1648 line
261 1587 417 1648 verendum
438 1598 498 1649 erat
512 1607 554 1650 ue
576 1607 630 1667 per
649 1589 705 1649 boc
725 1590 812 1649 totius
832 1591 1020 1650 accusationis
1042 1591 1199 1650 auctoritas
1209 1601 1244 1654 15

191 1672 381 1751 minueretur)
396 1673 625 1734 honestissimum
646 1671 753 1732 credidi
775 1691 831 1732 uon
851 1693 983 1753 premere
998 1676 1198 1750 inmorantem,
1307 1695 1308 1704 ¹

149 1765 183 1817 21
192 1755 279 1834 idque
293 1757 385 1835 ipsum
406 1757 464 1817 diri
485 1765 515 1816 et
535 1755 626 1816 libera
643 1766 672 1817 et
686 1757 773 1816 varia.
795 1755 867 1817 Nam
881 1756 967 1817 modo
982 1757 1095 1836 legatos
1109 1759 1200 1818 inter·

192 1840 327 1918 rogabam
342 1838 545 1900 docuissentne
564 1857 611 1900 mc
633 1839 739 1918 aliquid
754 1840 830 1918 quod
845 1859 877 1900 re
893 1842 1008 1921 probari
1023 1859 1112 1920 posse
1127 1858 1200 1901 con-

193 1922 328 1999 lidereut,
351 1924 436 1984 modo
458 1922 606 1984 consilium
626 1942 643 1983 a
663 1934 762 1984 senatu
777 1924 910 2002 petebam
924 1935 1072 2004 putaretne
1087 1925 1199 1985 debere

192 2024 253 2082 me,
270 2006 295 2064 si
310 2025 392 2084 quam
406 2007 540 2067 haberem
554 2009 582 2066 iu
596 2007 717 2068 dicendo
732 2007 911 2086 facultatem,
931 2009 961 2068 in
974 2009 1100 2088 iugulum
1114 2010 1198 2069 iuno·
1207 2026 1243 2078 2⁰
1307 2029 1308 2080 l

120 2132 121 2136 ,
193 2091 284 2149 centis
305 2090 386 2168 quasi
408 2090 495 2151 telum
516 2089 632 2170 aliquod
647 2091 810 2160 intendere;
832 2102 979 2172 postremo
993 2103 1083 2154 totum
1098 2092 1198 2152 locum

192 2174 249 2233 boc
269 2173 324 2233 line
340 2173 468 2234 conclusi
488 2174 577 2236 ‘dicet
597 2173 700 2253 aliquis
721 2174 833 2236 Iudicas
855 2173 947 2253 ergo?
968 2194 1026 2254 ego
1047 2194 1118 2237 vero
1138 2193 1198 2236 uon
1307 2203 1308 2246 1

151 2256 298 2334 abiudico,
315 2258 427 2317 memini
441 2267 534 2318 mmen
549 2276 594 2318 mc
609 2257 776 2320 aduocatum
792 2277 830 2319 ex
843 2260 984 2320 iudicibus
999 2261 1113 2321 datum?
1141 2259 1198 2320 llic
1307 2293 1308 2324 1

192 2340 442 2404 numerosissimae
453 2359 555 2402 causae
567 2343 702 2404 terminus
713 2343 776 2421 iuit,
789 2342 956 2422 quibusdam
965 2343 1115 2419 absolutis,
1130 2343 1197 2422 plu·

192 2426 271 2485 ribus
285 2425 420 2486 damnatis
440 2434 525 2506 atque
541 2429 625 2488 etiam
644 2425 799 2505 relegatis,
820 2427 882 2489 aliis
904 2429 932 2487 in
952 2435 1064 2507 tempus
1086 2427 1148 2488 aliis
1163 2429 1240 2490 iuti

150 2517 374 2588 23perpetuum.
401 2509 513 2574 Eodem
533 2519 648 2571 senatus
664 2511 794 2572 consulto
814 2510 949 2572 industria
970 2510 1040 2571 fides
1063 2520 1196 2571 constan-

192 2593 231 2654 tia
243 2603 339 2654 nostra
353 2593 520 2672 plenissimo
534 2595 695 2656 testimonio
708 2594 881 2674 conprobata
892 2605 948 2671 est,
964 2595 1078 2675 dignum
1089 2594 1197 2654 solom-

150 2683 186 2738 24
195 2694 251 2755 que
265 2693 317 2754 par
330 2679 452 2754 pretium
465 2679 534 2739 tanti
544 2678 658 2739 laboris.
682 2675 844 2757 concipere
857 2679 949 2739 animo
963 2689 1048 2758 potes
1061 2697 1143 2759 mam
1155 2678 1196 2738 si·

193 2777 255 2818 mus
270 2759 389 2837 fatigati,
405 2761 508 2839 quibus
522 2762 628 2822 totiens
642 2760 792 2838 agendum,
809 2763 915 2824 totiens
928 2762 1129 2839 altercandum,
1136 2771 1196 2822 tam

150 2850 185 2904 25
195 2840 274 2902 multi
288 2852 379 2903 testes
394 2843 585 2922 interrogandi
606 2844 772 2906 sublevandi
793 2845 941 2907 refutandi.
971 2845 1029 2907 lam
1043 2846 1092 2907 illa
1109 2862 1241 2925 quamao

194 2924 290 3004 ardua,
304 2945 387 3004 quam
399 2927 531 3006 molesta,
550 2936 593 2988 tot
599 2945 712 2989 reorum
723 2930 821 2989 amicis
834 2939 950 2992 secreto
963 2931 1128 3009 rogantibus
1142 2949 1195 2990 nc·

193 3027 274 3087 gare,
290 3009 505 3072 adversantibus
517 3012 610 3091 palam
623 3012 779 3074 obsistere!
793 3013 928 3074 Reiorum
939 3032 1024 3082 uuum
1036 3012 1143 3093 aliquid
1156 3032 1195 3073 ex

193 3094 228 3152 iis
236 3112 308 3173 quae
321 3094 387 3154 dixi.
407 3092 477 3156 (lum
490 3097 555 3156 mibi
568 3095 680 3176 quidam
691 3115 708 3156 a
720 3096 860 3157 iudicibus
871 3097 943 3177 ipsis
955 3115 1006 3177 pro
1021 3115 1073 3158 reo
1087 3097 1195 3176 gratio-

194 3177 307 3238 sissimo
322 3178 519 3260 reclamarent,
535 3186 604 3241 ‘uon
618 3181 720 3242 minus'
735 3182 847 3261 iuquam
863 3182 922 3242 ‘bic
935 3184 1072 3244 innocens
1087 3181 1152 3257 orit,
1168 3181 1194 3238 si

150 3268 185 3323 πθ
195 3279 251 3340 ego
266 3264 357 3324 omnia
379 3262 500 3324 dixero?
522 3262 705 3325 Coniectabis
722 3281 759 3324 ex
777 3265 834 3325 boc
849 3275 967 3345 qonntm
982 3265 1190 3340 contentiones,
1203 3275 1241 3328 aa

194 3354 309 3424 qumtm
325 3349 409 3409 ctiam
422 3349 546 3409 offensas
559 3349 740 3425 subierimus,
755 3347 897 3410 dumtaxat
910 3349 945 3410 nd
960 3351 1050 3412 breve
1063 3359 1193 3428 tempos:

192 3447 255 3489 uam
271 3430 341 3491 bdcs
356 3432 384 3491 in
399 3433 561 3510 praesentia
575 3449 628 3494 eos
643 3433 745 3511 quibus
758 3433 866 3492 resistit
881 3433 1015 3510 ollendit,
1039 3432 1141 3494 deinde
1155 3432 1193 3491 ab

192 3510 250 3572 illis
270 3514 341 3592 ipsis
362 3516 517 3592 suspicitur
538 3514 731 3595 laudaturque.
760 3514 826 3576 Nou
841 3519 921 3594 potui
940 3517 1075 3596 megisto
1089 3517 1193 3577 iurem
1307 3559 1308 3578 t
