2614 4104
198 293 262 358 ast

198 449 254 509 lito
267 456 333 507 ante
348 447 454 524 facies,
479 445 636 524 principem
650 453 799 522 aequatum
819 443 972 504 candidatis
989 454 1019 504 et
1033 445 1116 504 simul
1131 453 1207 506 stan·

198 549 256 592 rem
276 531 395 607 intueri,
421 546 518 608 parem
537 529 745 608 accipientibus
765 527 904 588 honorem
918 529 966 605 qui
982 527 1074 588 dabat.
1121 528 1207 602 Quod

199 616 303 676 factum
318 623 396 674 tuum
410 631 426 672 a
443 621 547 672 cuncto
561 621 661 672 senatu
679 629 762 690 quam
775 627 844 670 vera
858 609 1061 671 adclamatione
1076 611 1208 672 celebra-

199 709 257 759 tum
273 705 318 759 est
333 703 422 757 ‘tauto
434 697 538 773 maior,
552 704 630 756 tanto
644 693 818 772 augustior’!
832 693 904 755 Nam
914 696 959 754 cui
968 694 1036 754 uilril
1049 696 1084 755 ad
1097 713 1207 773 augen-

200 781 265 842 dum
279 781 423 858 fastigium
438 788 591 858 superest,
613 779 661 840 lric
676 795 733 838 uno
747 778 832 838 modo
849 795 984 839 crescere
1002 787 1117 857 potest,
1134 782 1159 840 si
1175 791 1237 843 ses
1300 762 1301 828 l

198 867 263 944 ipsc
278 865 446 939 summittat,
462 879 582 923 securus
593 861 790 939 magnitudinis
800 879 878 922 suae.
893 859 995 940 Neque
1009 863 1083 921 enim
1098 863 1134 922 ab
1145 862 1208 923 ullo

201 946 330 1026 periculo
341 946 453 1006 fortuna
462 948 621 1025 principum
636 946 750 1023 longius
766 943 849 1005 abest
860 961 943 1024 pam
952 944 1126 1006 humilitatis.
1137 945 1209 1006 llilri

201 1030 314 1110 quidem
332 1047 388 1090 non
409 1039 465 1090 tam
486 1029 641 1089 humanitas
662 1039 708 1089 tua
724 1047 805 1108 quam
820 1029 940 1089 intentio
956 1029 1018 1088 eius
1034 1027 1208 1090 admirabilis
1301 1080 1302 1084 ,

199 1114 357 1174 videbatur.
379 1110 494 1192 Quippe
508 1129 571 1172 cum
583 1113 701 1174 orationi
718 1111 820 1173 oculos
834 1127 938 1173 vocem
953 1129 1063 1172 manum
1078 1131 1207 1174 commo·

200 1197 300 1275 dares,
316 1207 347 1258 ut
361 1199 385 1258 si
402 1197 450 1257 alii
466 1196 566 1257 eadem
578 1198 632 1257 ista
643 1195 825 1272 mandasses,
841 1210 940 1256 omnes
956 1198 1096 1259 comitatis
1107 1215 1206 1257 nume·
1220 1210 1256 1260 to

199 1298 248 1341 ros
270 1282 381 1342 obibas.
412 1282 510 1360 Atque
531 1281 630 1356 etiam,
654 1295 717 1339 cum
731 1282 843 1339 uomina
861 1279 1079 1356 sumagamrum
1094 1279 1207 1342 bonore

201 1383 258 1445 quo
272 1366 368 1425 solent
383 1367 602 1442 exciperentur,
620 1374 650 1424 tu
666 1379 780 1442 quoque
795 1365 870 1424 inter
883 1365 1063 1442 excipientes
1079 1371 1158 1442 eras,
1178 1374 1207 1425 et
1302 1405 1303 1420 2

200 1467 238 1510 ex
254 1466 306 1510 ore
325 1450 462 1526 principis
477 1447 526 1506 ille
542 1449 702 1508 senatorius
717 1447 856 1507 adsensus
871 1447 1053 1524 audiebatur,
1070 1447 1206 1526 quodque

200 1532 274 1610 apud
295 1533 452 1609 principem
472 1529 626 1608 perhibere
651 1532 842 1591 testimouium
864 1531 1038 1592 merentibus
1062 1530 1207 1610 gaudeba-

200 1633 278 1692 mus,
302 1614 505 1692 perhibebatur
524 1630 541 1673 a
560 1614 700 1692 principe.
734 1613 873 1674 Faciebat
893 1631 982 1691 argo,
1010 1632 1074 1674 cum
1089 1615 1257 1678 diceresne

201 1701 339 1778 optimos:
361 1715 416 1759 nec
431 1700 556 1777 ipsorum
576 1697 663 1758 modo
677 1699 766 1757 vitaa
787 1706 832 1773 te,
856 1697 909 1759 sed
932 1697 1064 1758 iudicium
1087 1709 1206 1760 senatus
1303 1735 1304 1744 2

151 1782 459 1928 sllltlllltt
473 1799 699 1943 tillidi
713 1780 854 1925 tilii:
865 1780 1208 1944 ,ltttstltllltltff

200 1967 280 2010 orum
294 1951 368 2009 bene
383 1967 417 2008 ao
432 1948 557 2009 feliciter
567 1951 695 2009 eveniret
706 1948 800 2026 nobis,
816 1950 859 2008 rei
872 1946 1016 2028 publicae,
1029 1950 1092 2026 tibi,
1111 1967 1207 2010 nonne

199 2033 257 2093 talo
278 2043 323 2092 est
343 2042 373 2091 ut
387 2049 441 2092 uos
461 2033 537 2092 hunc
554 2032 680 2092 ordinem
699 2040 830 2092 votorum
844 2041 1013 2092 convertere
1028 2031 1257 2096 debeamusiso
1304 2036 1305 2104 l

200 2116 271 2176 deos
291 2114 414 2194 denique
436 2115 642 2176 obsecrarent
663 2117 754 2177 omnia
776 2133 848 2194 quae
869 2115 942 2176 facis
963 2133 1094 2194 quaeque
1114 2116 1207 2178 facies
1304 2131 1305 2136 ’

201 2215 342 2277 prospera
363 2199 465 2258 cedant
478 2199 547 2275 tibi,
568 2199 776 2278 reipublicae,
796 2195 901 2259 nobis?
922 2197 971 2259 vel
993 2201 1018 2261 si
1037 2201 1153 2260 brevius
1170 2203 1208 2262 sit

201 2282 368 2363 optandum,
384 2292 414 2344 ut
425 2285 472 2342 uni
482 2280 554 2343 tibi?
568 2284 595 2343 iu
609 2301 667 2362 quo
681 2293 710 2344 ct
723 2301 772 2346 res
787 2281 901 2360 publica
912 2293 942 2344 ct
953 2299 1007 2344 nos
1018 2301 1125 2344 sumus.
1140 2283 1207 2345 Fuit

200 2377 332 2446 tempus,
360 2385 395 2428 ac
414 2368 527 2427 nimium
547 2366 594 2427 diu
609 2368 678 2445 fuit,
707 2385 764 2446 quo
781 2367 834 2428 alia
848 2366 985 2445 adversa,
1012 2366 1067 2428 alia
1080 2367 1209 2430 secunda

199 2452 321 2530 principi
336 2451 473 2518 etucbis:
488 2469 562 2510 nuuc
576 2453 732 2512 communia
743 2452 792 2511 tibi
803 2452 953 2512 nobiscum
965 2459 1020 2510 tam
1031 2450 1107 2512 laeta
1122 2469 1206 2530 quam
1215 2462 1256 2514 25

199 2537 307 2610 tristia,
330 2553 385 2595 nec
401 2535 490 2612 magis
506 2536 569 2596 sine
587 2544 618 2595 te
632 2551 685 2596 uos
699 2553 767 2596 esse
782 2534 884 2596 felices
901 2553 984 2614 quam
999 2543 1030 2594 tu
1044 2537 1106 2595 sine
1121 2535 1207 2596 nobis

199 2628 294 2698 potes.
316 2617 376 2695 dn,
394 2619 419 2678 si
433 2637 556 2696 posses,
571 2621 599 2678 in
614 2619 669 2678 fine
684 2628 815 2679 votorum
832 2618 989 2679 adiecisses
1002 2626 1034 2677 ut
1050 2618 1091 2678 ita
1111 2621 1208 2696 preci·

200 2703 254 2763 bus
267 2704 324 2762 tuis
338 2701 375 2762 dii
391 2701 564 2780 adnuerent,
580 2704 604 2763 si
620 2701 754 2762 iudicium
767 2711 894 2763 nostrum
905 2703 1009 2762 mereri
1020 2718 1208 2782 perseveras·

62 2836 70 2851 ,
199 2783 268 2846 ses?
288 2785 373 2846 Adeo
394 2786 462 2846 nibil
482 2787 533 2847 tibi
554 2803 650 2846 amore
674 2787 776 2846 civium
792 2787 931 2866 antiquius
945 2794 976 2844 ut
990 2795 1055 2847 ante
1073 2803 1089 2845 a
1109 2785 1206 2864 uobis,

199 2867 302 2928 deinde
317 2885 334 2927 a
349 2868 420 2945 diis,
434 2879 520 2948 atque
535 2872 573 2930 ita
588 2871 624 2930 ab
640 2867 696 2929 illis
712 2870 795 2928 amari
809 2870 901 2947 velis,
917 2870 943 2930 si
958 2886 974 2930 a
990 2867 1074 2929 nobis
1090 2871 1255 2932 ameriam

198 2951 236 3013 Et
247 2969 315 3012 saue
327 2954 453 3029 priorum
466 2954 625 3033 principum
640 2956 732 3014 exitus
745 2953 842 3013 docuit
854 2971 918 3014 nea
932 2952 984 3012 diis
997 2953 1110 3031 quidem
1120 2955 1208 3013 amari

198 3039 252 3098 uisi
268 3051 341 3114 quos
355 3035 485 3098 homines
499 3047 602 3098 ament.
636 3036 761 3098 Arduum
783 3047 844 3098 erat
864 3037 915 3098 bas
937 3037 1122 3114 precationes
1142 3045 1207 3096 tuas

198 3120 329 3182 laudibus
348 3121 522 3200 adaequare:
546 3121 765 3199 adaequavimus
784 3130 886 3181 amen.
915 3119 971 3193 Qui
988 3122 1093 3180 amoris
1108 3119 1205 3196 ardor,

200 3207 248 3284 qui
262 3204 383 3284 stimuli,
407 3222 481 3285 quae
496 3205 577 3266 faces
591 3203 655 3265 illas
670 3206 753 3266 nobis
768 3204 992 3266 exclamationes
1007 3203 1207 3264 subiecerunt!

198 3287 262 3348 Non
280 3291 386 3365 nostri,
410 3287 534 3367 Caesar,
548 3290 672 3367 ingenii,
689 3289 740 3350 sed
755 3299 821 3350 tuae
834 3289 947 3349 virtutis
961 3297 1132 3366 tuorumque
1146 3295 1253 3349 me·35

197 3373 315 3434 ritorum
333 3389 427 3434 voces
446 3373 577 3449 fuerunt,
604 3390 675 3451 quaa
693 3372 770 3433 nulla
790 3389 922 3451 umquam
942 3370 1064 3431 adulatio
1086 3372 1205 3446 invenit,

198 3454 292 3515 nullm
307 3457 473 3535 cuiusquam
487 3459 747 3535 terrorexpressit.
772 3455 863 3529 Quem
876 3458 918 3516 sic
933 3456 1074 3515 timuimus
1088 3463 1120 3512 ut
1132 3453 1208 3514 baec

198 3535 392 3612 lingeremus?
413 3555 498 3616 quem
513 3541 556 3598 sic
570 3541 721 3599 amavimus
737 3548 767 3598 ut
781 3540 854 3600 boec
869 3533 1044 3599 fateremur?
1058 3535 1141 3597 Nosti
1155 3555 1208 3596 nc·
