2616 4096
299 307 563 370 EPISTULARUM
577 307 669 370 Vllll.
688 318 734 372 34.
748 318 793 373 35.
810 319 853 374 36.
1029 310 1089 374 195

92 471 213 538 tempore
232 463 476 542 occupatissimus.
514 460 584 522 Ideo
599 459 722 521 nondum
736 461 887 540 conlegi,
907 479 970 522 cum
985 463 1090 543 alioqui

92 543 258 606 validissime
284 547 410 624 cupiam:
438 544 491 606 sed
517 561 580 605 eam
598 547 789 606 reverentiam
812 563 875 606 cum
895 547 998 608 litteris
1020 549 1091 627 ipsis

93 639 145 689 tum
164 629 278 708 seriptis
298 632 354 689 tuis
376 628 470 690 debeo
491 639 522 690 ιιι
536 645 651 688 sumere
672 627 720 688 illa
734 629 788 689 nisi
803 646 894 690 vacuo
910 631 1002 690 animo
1017 631 1092 692 inre·

93 713 217 791 liqiosunr
237 721 343 791 putem.
381 711 564 791 Diligentiam
589 722 665 773 tuam
690 713 719 771 in
743 713 928 775 retractandis
955 715 1118 794 operibusn

69 797 166 856 avallo
184 797 287 874 probo.
319 796 373 857 Est
392 806 486 858 tamen
501 797 604 875 aliquis
615 795 734 873 modus,
755 798 891 876 primum,
918 797 994 877 quod
1008 799 1092 860 nimiu

92 899 152 940 cura
167 881 271 942 deterit
286 883 378 960 magis
394 899 475 960 quam
490 879 635 948 emendat;
657 879 776 959 deinde,
801 881 876 961 quod
891 899 944 943 nos
959 900 975 942 a
990 899 1090 942 recen·

90 964 201 1026 tioribus
218 974 340 1026 revocat
355 965 496 1044 simulque
517 982 572 1025 nec
592 963 717 1024 absolvit
737 967 831 1044 priora
846 973 875 1026 et
889 966 1024 1026 inchoare
1039 984 1090 1047 po·

89 1049 201 1108 steriora
215 1062 273 1108 non
288 1049 406 1128 patitur.
440 1047 523 1109 Vale.

59 1223 83 1272 10
529 1179 660 1242 xxxvl

380 1277 407 1332 G.
425 1277 552 1329 PLINIUS
568 1277 669 1330 FUSGO
689 1277 748 1330 SUO
768 1277 794 1332 S.

148 1380 268 1454 Quaeris
290 1379 525 1461 quemadmodum
543 1382 571 1440 in
591 1378 692 1442 Tuscis
713 1380 788 1442 diem
808 1389 917 1443 aestate
937 1382 1119 1462 disponam1

91 1463 199 1542 Evigilo
219 1482 285 1526 cunr
304 1465 402 1542 libuit,
427 1463 595 1545 plerumque
617 1465 694 1526 cirea
719 1465 816 1526 boram
842 1465 974 1545 primam,
1003 1484 1092 1545 saepe

91 1558 161 1626 ante,
178 1550 286 1610 tardius
301 1567 381 1609 raro:
398 1547 512 1609 clausae
527 1547 673 1610 fenestrae
687 1558 808 1610 manent.
830 1547 902 1609 llire
918 1552 992 1610 enim
1007 1549 1119 1618 silea-a

59 1632 125 1692 lutto
140 1643 168 1694 et
183 1633 312 1695 tenebris
329 1633 416 1694 abiis
436 1650 509 1712 qnae
526 1643 647 1694 avocant
666 1632 822 1710 abductus,
846 1643 875 1693 et
894 1631 968 1693 liber
983 1644 1012 1694 et
1027 1635 1093 1694 mihi

90 1716 218 1797 relictus,
234 1734 293 1778 non
306 1716 408 1778 oculos
426 1718 518 1778 animo
538 1716 590 1776 sed
605 1719 725 1776 animum
739 1715 832 1777 oculis
845 1733 968 1795 sequor,
984 1719 1032 1795 qui
1044 1736 1093 1778 ea-

91 1799 149 1860 dem
164 1819 236 1880 quas
250 1818 333 1862 mens
347 1800 460 1879 vident,
487 1801 619 1881 quotiens
641 1818 698 1862 non
718 1800 814 1861 vident
833 1799 897 1860 alla.
927 1798 1051 1880 Cogito,
1067 1803 1093 1862 si

91 1885 152 1962 qnid
165 1887 193 1944 in
206 1885 354 1962 manibus,
374 1887 470 1962 cogito
485 1883 520 1944 ad
534 1885 653 1946 verbum
667 1885 803 1946 scribenti
821 1883 1038 1961 emendantique
1055 1885 1093 1946 si·

90 1968 168 2048 milis,
184 1987 262 2029 nunc
277 1970 412 2048 pauciora
424 1986 499 2028 nune
513 1967 604 2047 plura,
622 1977 653 2028 ut
665 1967 714 2030 vel
726 1966 842 2029 dillicile
852 1967 901 2028 vel
916 1968 1003 2029 lacile
1017 1986 1093 2030 com

56 2055 153 2128 aopom
167 2054 300 2114 tenerive
321 2060 484 2132 potuerunt.
518 2050 665 2114 Notarium
680 2070 756 2114 voco
773 2061 802 2112 et
819 2052 864 2113 dle
880 2052 1003 2114 admisso
1019 2071 1093 2132 qnae

90 2135 270 2198 formaveram
286 2134 377 2196 dicto:
400 2137 457 2196 abit
473 2153 630 2215 rursusque
644 2115 799 2198 revocatur
810 2154 965 2216 rursusque
981 2137 1093 2198 dimitti·

89 2228 137 2280 tur.
157 2221 212 2283 Ubi
234 2219 309 2280 hora
332 2229 429 2300 quarta
452 2219 499 2279 vel
523 2222 616 2299 quinta
638 2221 838 2300 (nequeenim
858 2230 965 2281 certum
987 2220 1093 2281 drmen
1081 2234 1118 2289 3

89 2320 200 2384 sumque
215 2303 362 2385 tempus),
379 2314 410 2365 nt
424 2303 485 2364 dies
499 2306 605 2381 suasit,
627 2305 655 2364 in
669 2314 783 2380 xystum
797 2323 844 2366 me
860 2304 908 2364 vel
923 2313 1094 2383 cryptopor-

89 2390 168 2448 ticum
182 2387 322 2465 contero,
346 2387 456 2468 reliqua
470 2387 591 2449 meditor
607 2397 637 2450 et
652 2389 738 2450 dicto.
770 2387 941 2450 Vehiculum
956 2387 1092 2448 ascendo.

55 2479 82 2533 ιι
89 2469 128 2532 lbi
142 2490 256 2553 quoque
270 2471 345 2532 idem
363 2472 438 2552 quod
453 2471 599 2532 ambulans
610 2482 657 2533 aut
668 2473 776 2533 iacens.
799 2473 889 2532 Durat
903 2473 1022 2532 intentio
1033 2489 1094 2530 mu·

89 2557 187 2617 tatione
203 2559 268 2636 ipsa
284 2557 411 2617 relecta:
435 2555 550 2634 paulum
562 2556 715 2634 redormio,
732 2557 797 2616 dein
809 2554 934 2634 ambulo,
949 2571 1016 2615 mox
1031 2573 1093 2617 ora·

89 2640 188 2700 tionem
210 2640 349 2703 Graecam
374 2639 534 2701 Latinamve
557 2639 635 2701 clare
657 2649 687 2700 et
707 2641 833 2717 intente,
856 2657 914 2700 non
933 2648 990 2700 tam
1010 2641 1092 2700 vocis

91 2740 168 2786 causa
183 2742 267 2804 ψιιιιιι
281 2724 419 2785 stomachi
435 2723 519 2802 lego:
536 2726 644 2803 pariter
654 2733 747 2784 tamen
762 2734 791 2785 et
806 2723 855 2784 illa
874 2724 1005 2784 lirmatnr.
1035 2722 1093 2784 lte·

89 2824 144 2867 rum
157 2808 287 2885 ambulo,
310 2825 418 2886 ungor,
443 2825 601 2886 exerceor,
623 2809 712 2868 lavor.
749 2805 866 2869 Cenanti
879 2809 962 2885 milri,
986 2809 1011 2868 si
1030 2822 1120 2875 sumu

57 2895 175 2952 bbuxore
189 2891 239 2952 uel
257 2895 366 2971 paucis,
382 2891 457 2953 liber
472 2890 590 2971 legitur:
605 2903 672 2972 post
687 2909 785 2953 cenam
797 2891 953 2954 comoedus
964 2901 1012 2954 aut
1025 2892 1093 2968 lpri·

91 2985 159 3037 stes:
179 2995 248 3038 mox
269 2993 333 3037 curn
347 2978 419 3036 meis
435 2975 568 3054 ambulo,
593 2991 712 3054 quorum
726 2979 753 3036 in
768 2993 884 3038 numero
900 2986 965 3037 sunt
981 2977 1092 3036 eruditi.

91 3057 129 3119 lta
141 3062 225 3122 variis
241 3061 421 3122 sermonibus
432 3077 555 3138 vespera
567 3060 741 3136 extenditur,
756 3070 786 3121 et
801 3078 967 3140 quamquam
985 3058 1092 3136 longis·

92 3142 174 3206 simus
196 3145 258 3206 dies
280 3147 338 3206 cito
354 3143 492 3204 conditur.
525 3142 589 3204 Non
603 3162 753 3224 numquam
765 3163 801 3205 ex
817 3145 873 3205 boc
885 3143 983 3203 ordine
998 3141 1117 3220 aliquae

91 3235 232 3289 mutantur.
252 3227 324 3291 Nasu
338 3229 364 3290 si
380 3228 426 3288 diu
441 3230 515 3290 iacui
527 3227 576 3288 vel
589 3229 742 3306 ambulari,
757 3237 824 3307 post
839 3244 967 3287 somnum
979 3226 1092 3286 demum

57 3307 297 3392 dilectionemque
313 3329 371 3372 nou
384 3312 518 3372 vehiculo
534 3311 603 3389 sed,
627 3312 702 3392 quod
716 3313 850 3388 brevius,
869 3312 935 3389 quia
947 3308 1090 3386 velocius,

94 3410 164 3472 equo
183 3405 292 3474 gestor.
324 3395 518 3456 Interveniunt
540 3397 622 3456 amici
638 3415 675 3456 ex
689 3397 825 3475 proximis
840 3393 954 3471 oppidis
970 3401 1091 3471 partem-

94 3495 146 3554 que
162 3479 217 3541 diei
230 3479 264 3541 ad
281 3500 312 3543 se
327 3479 439 3541 trabunt
454 3480 650 3560 interdumque
662 3480 740 3541 lasso
754 3478 821 3538 milri
837 3486 996 3556 opportuna
1006 3478 1089 3551 inter·

93 3561 240 3638 pellatione
252 3565 431 3626 subveniunt.
458 3564 556 3627 Venor
570 3562 738 3643 aliquando,
761 3562 813 3623 sed
827 3563 961 3708 noq3sipe
972 3542 1092 3643 pugilla-
1080 3568 1118 3623 -o
