2614 4104
218 309 282 372 226
522 306 555 368 0.
575 306 674 368 PLlNl
693 306 743 368 ET
765 307 924 369 rnntnru
1296 293 1298 346 ¹

217 461 351 542 putabam
369 478 459 540 posse
482 462 510 519 in
531 469 658 521 senatum
677 469 708 521 et
729 461 887 522 secundum
908 460 1032 522 edictum
1052 461 1179 539 Augusti
1198 473 1229 525 et

218 545 375 608 secundum
394 544 490 623 legem
511 541 673 624 Pompeiam
697 543 775 622 legi,
801 547 932 624 quoniam
952 544 1100 621 Augustus
1120 564 1227 624 gerere

217 632 398 709 magistratus
411 627 565 688 minoribus
580 629 659 688 aunis
670 630 784 705 triginta
795 631 986 706 permisisset,
1002 629 1050 688 lex
1062 640 1228 691 senatorem

192 730 287 782 sesso
300 713 441 773 voluisset
455 713 503 790 qui
516 714 659 789 gessisset
674 713 876 789 magistratum.
896 710 941 772 lle
954 714 989 773 iis
1003 722 1098 773 auteur
1109 715 1158 791 qui
1171 731 1228 774 non

218 799 394 876 gessissent,
423 798 549 874 quamvis
576 805 676 857 essent
696 799 797 858 aetatis
818 795 946 857 eiusdem
958 798 1038 857 cuius
1059 796 1100 856 illi
1120 797 1250 875 quibust

218 899 322 959 gerere
343 881 512 958 permissum
532 889 588 957 est,
609 879 799 949 haesitabam
822 895 877 958 per
894 878 970 958 quod
986 880 1120 942 ellectum
1134 891 1229 942 estut

217 974 265 1041 tc,
288 963 417 1041 domine,
438 962 621 1023 consulerem
640 963 706 1041 qnid
723 965 870 1024 observari
884 962 988 1024 velles.
1022 963 1121 1043 Capita
1136 964 1227 1044 legis,

218 1058 277 1108 turn
293 1046 416 1108 edictum
432 1043 554 1124 Augusti
565 1047 669 1107 litteris
684 1048 804 1108 subieci.

560 1165 876 1246 lxxx.[nxxxrrrr.]
1081 1235 1086 1242 ,

543 1264 706 1316 TRAIANUS
730 1267 838 1317 PLlNll)
862 1267 890 1318 S.
1234 1273 1263 1323 lo

276 1353 505 1431 Interpretationi
531 1363 614 1431 tuac,
641 1358 678 1413 mi
699 1351 832 1414 Secunde
855 1353 1000 1414 carissime
1091 1354 1226 1415 existimo

216 1439 355 1498 hactenus
372 1435 467 1497 edicto
489 1437 546 1497 divi
565 1437 688 1515 Augusti
709 1447 839 1497 novatam
861 1455 929 1498 esse
949 1435 1045 1514 legem
1061 1434 1226 1515 Pompeium

217 1531 248 1581 ut
258 1522 448 1598 magistratum
464 1519 576 1598 quidem
591 1539 697 1598 capere
714 1531 834 1598 possent
849 1521 867 1580 ii
883 1522 930 1600 qui
943 1538 1000 1580 non
1012 1521 1137 1580 minores
1154 1521 1225 1581 duo-

216 1621 277 1664 rum
293 1612 322 1664 et
337 1605 436 1680 viginti
456 1621 590 1664 annorum
606 1613 722 1683 essent,
748 1615 777 1665 et
795 1606 843 1684 qui
859 1606 1024 1682 cepissent,
1045 1605 1073 1662 in
1094 1613 1225 1665 senatum

218 1691 356 1767 cuiusque
371 1688 491 1749 civitatis
507 1691 699 1768 pervenirent.
734 1685 869 1750 Ceterum
883 1705 940 1747 non
957 1695 1041 1766 capto
1057 1689 1224 1766 magistratu
1233 1694 1260 1745 15

217 1791 269 1834 eos
285 1774 332 1851 qni
347 1774 471 1833 minores
493 1775 606 1850 triginta
626 1790 762 1833 annorum
781 1773 854 1850 sim,
882 1773 947 1851 quia
967 1772 1161 1849 magistratum
1179 1791 1224 1832 ca-

216 1875 289 1936 pere
310 1857 438 1935 possint,
462 1858 491 1915 in
521 1858 626 1917 curiam
653 1857 739 1917 ctiam
765 1855 823 1916 loci
849 1857 987 1934 cuiusque
1008 1872 1066 1915 nou
1089 1857 1224 1917 existimo

216 1938 275 2018 legi
289 1957 388 2017 posse.
838 1969 840 1974 ·

557 2021 682 2084 nxxxl.
704 2022 867 2102 [LXXXV]

438 2118 466 2175 c.
484 2119 611 2173 rnmrus
627 2122 773 2174 rnnrnno
790 2121 997 2174 mounsronr.
1232 2149 1262 2201 ,⁰

193 2235 206 2288 1
280 2218 350 2282 Onm
363 2221 470 2284 Prusae
486 2222 521 2282 ad
536 2223 704 2304 Olympum,
720 2227 850 2305 domine,
872 2226 997 2306 publicis
1011 2229 1134 2304 negotiis
1149 2228 1224 2286 iutra

217 2305 369 2385 hospitium
385 2306 488 2366 eodem
503 2307 549 2369 die
564 2311 691 2370 exiturus
706 2329 854 2390 vacarem,
869 2309 1059 2389 Asclepiades
1074 2313 1224 2388 magistra·

217 2400 263 2451 tus
284 2390 416 2451 iudicavit
437 2390 611 2470 appellatum
630 2411 675 2454 me
696 2413 712 2454 a
734 2393 853 2456 Claudio
873 2394 1025 2473 Eumolpo.
1059 2393 1131 2455 Gum
1145 2392 1224 2455 Coc-

219 2473 334 2536 ceianus
349 2473 423 2535 Ilion
437 2477 466 2534 in
482 2475 548 2537 bule
564 2475 705 2554 adsignari
727 2480 832 2540 civitati
853 2495 927 2555 opus
943 2480 1023 2540 cuius
1042 2495 1135 2538 curam
1152 2496 1224 2555 ege·

215 2567 259 2618 rat
273 2557 381 2636 vellet,
396 2567 455 2619 tum
470 2558 628 2639 Eumolpus
642 2560 784 2624 adsistens
799 2562 897 2623 Flavio
913 2561 1060 2641 Archippo
1075 2561 1146 2622 dixit
1162 2564 1260 2622 exi-ti

216 2641 336 2720 gendum
353 2661 420 2704 esse
435 2662 452 2704 a
466 2642 560 2705 Dione
574 2646 712 2705 rationem
727 2647 825 2726 operis
846 2656 911 2708 ante
932 2664 1014 2727 quarn
1028 2648 1070 2706 rei
1084 2645 1221 2725 publicae

189 2725 390 2803 ttraderctnr,
417 2727 493 2806 quod
514 2728 597 2789 aliter
616 2729 737 2790 iecisset
757 2749 792 2791 ac
812 2730 968 2792 debuisset.
999 2729 1113 2791 Adiecit
1135 2732 1223 2790 ctiam
1294 2727 1295 2762 ³

215 2827 284 2870 esse
310 2812 338 2868 in
359 2810 432 2870 aede
452 2814 573 2889 positam
598 2823 672 2874 tuam
699 2823 818 2875 statuam
838 2823 868 2875 et
889 2831 1010 2894 corpora
1029 2813 1221 2892 sepultor-nm,

216 2894 313 2953 uxoris
328 2892 429 2953 Dionis
442 2903 472 2954 ct
487 2896 552 2973 lilii,
568 2896 780 2978 postulavitque
795 2907 826 2959 ut
841 2915 1048 2975 cognoscerem
1063 2915 1117 2976 pro
1131 2898 1222 2957 trilru-

191 2975 284 3043 snali.
318 2976 402 3050 Quod
417 2995 480 3037 cum
495 2996 553 3057 ego
567 2997 614 3040 mc
634 2985 764 3061 protinus
779 2981 916 3043 iacturum
932 2981 1136 3060 dilaturumque
1153 2991 1260 3060 pro-to
1293 3029 1294 3038 ,

217 3061 371 3123 lectionem
385 3061 531 3140 dixissem,
548 3073 577 3124 ut
591 3063 750 3144 longiorem
767 3065 841 3126 diem
856 3066 891 3126 sd
902 3065 1093 3127 instruendam
1105 3081 1221 3126 causam

190 3145 313 3210 Adarem
333 3156 419 3225 utque
442 3148 469 3207 in
490 3147 544 3208 alia
559 3150 673 3211 civitate
688 3168 897 3227 cognoscerem
911 3153 1002 3230 petiit.
1029 3148 1095 3226 Ego
1110 3167 1158 3209 me
1172 3167 1222 3208 an·

219 3229 338 3291 diturum
354 3230 478 3292 Nicaeae
492 3233 637 3311 respondi.
673 3234 726 3294 Ubi
743 3253 811 3295 oum
826 3234 1023 3297 consedissem
1040 3235 1220 3311 cogniturus,
1292 3277 1293 3294 r

215 3314 291 3374 idern
304 3313 474 3394 Eumolpus,
490 3325 628 3395 tamquam
647 3319 694 3396 [si]
709 3318 801 3379 adhuc
815 3337 913 3398 parurn
927 3321 1092 3393 instructus,
1108 3316 1221 3377 dilatio·

191 3408 281 3462 onem
294 3409 397 3476 petere
412 3402 523 3478 coepit:
546 3411 643 3462 contra
662 3401 737 3461 Dion
758 3412 789 3463 ut
809 3403 953 3464 audiretur
975 3404 1104 3480 exigere.
1134 3399 1259 3463 Dionos

216 3490 282 3540 sunt
297 3483 435 3561 utrimque
450 3482 554 3560 multa,
576 3486 659 3544 etiam
674 3485 710 3545 de
730 3504 823 3546 eausa.
857 3486 922 3564 ligo
939 3505 1002 3548 curn
1017 3485 1133 3546 dandam
1149 3484 1220 3544 dila·

215 3563 323 3622 tionem
335 3573 368 3625 et
381 3573 410 3624 te
425 3565 629 3626 consulendum
644 3569 833 3630 existimarem
847 3571 876 3630 in
890 3588 923 3631 re
934 3570 969 3633 ad
981 3569 1142 3642 exemplum
1152 3586 1221 3648 per·
