2632 4102
200 311 240 350 xil
609 305 843 360 antemio.

202 461 322 532 diequam
334 459 453 516 Gemmas
465 458 633 533 edormisse,
654 461 694 532 qui
715 462 816 516 meliore
837 461 875 515 tia
896 467 1028 516 monstrato
1052 461 1082 516 ad
1103 461 1174 516 istam
1195 477 1264 516 suam

202 545 323 617 vulgatam
345 545 487 614 scripturam
508 561 521 599 a
544 544 685 600 Gmteriano
706 545 818 614 exemplo
841 551 998 616 propagatam
1023 544 1154 600 redierunt.
1186 560 1265 616 neque

202 642 258 683 voro
274 645 318 683 sua
334 626 854 698 laudeinaudnndusestG.H.Seltoesems.
876 629 932 699 qui,
954 643 1009 683 eum
1030 644 1093 683 anno
1110 632 1178 686 1805
1206 628 1265 684 Ges-

202 712 252 768 ueri
262 712 392 766 editionem
410 713 497 766 iterum
514 711 679 766 excudendum
690 719 797 773 curaret.
819 711 1013 768 adnotationibus
1033 713 1120 768 additis
1139 713 1263 782 oonrplura

201 796 308 867 priorum
319 795 404 850 menda
420 796 526 850 sustulit.
550 795 653 866 denique
663 796 807 850 novissimus
818 795 887 850 Plinii
899 797 984 860 editor,
1002 795 1136 852 dionisius
1148 795 1262 868 Doea'op.

202 880 242 950 qui
254 895 317 934 anno
330 880 398 935 1843
413 879 458 932 iras
471 878 586 948 epistulas
602 879 776 934 commentario
792 880 901 934 drusum
910 879 1048 936 scholarum
1067 881 1197 936 ineundas
1214 881 1263 935 edi·

199 962 251 1026 dit,
272 963 461 1032 interpretationi
472 962 553 1032 potius
563 977 634 1034 quarn
650 963 810 1018 emendationi
820 963 927 1018 intentus
940 979 1016 1033 panea
1027 979 1089 1035 quae
1098 979 1168 1020 meae
1177 965 1262 1018 rationi

200 1047 354 1101 conuenirent
374 1047 498 1115 praestitit.

262 1129 290 1183 ln
308 1130 416 1198 epistulis
426 1129 495 1184 Plinii
512 1137 537 1184 et
546 1130 640 1184 'liniani
658 1129 809 1201 imperatoris
824 1131 942 1203 singulari
959 1130 1021 1186 libro
1039 1131 1220 1201 comprehensis
1237 1138 1262 1186 ut

201 1228 277 1269 novae
297 1213 443 1268 reoerrsionis
463 1229 576 1278 munere,
598 1214 662 1286 quod
680 1215 703 1268 in
721 1214 819 1286 reliquis
833 1215 1087 1285 orsoipiendumerat,
1106 1216 1261 1284 supersedere

202 1311 298 1368 possem
309 1294 391 1352 Orellii
403 1313 474 1352 turae
483 1298 521 1353 his
532 1298 640 1368 epistulis
656 1299 784 1368 separatim
800 1297 871 1352 editis
887 1299 1016 1368 praestitae
1034 1298 1174 1354 effeoenmt
1208 1305 1261 1354 ante

202 1381 281 1436 omnia
304 1389 384 1436 autem
409 1382 533 1437 solendum
554 1388 600 1444 ost,
622 1389 649 1435 ut
666 1389 773 1451 repetam
784 1396 845 1452 quae
856 1381 887 1437 de
897 1381 1005 1438 lontibus
1015 1383 1148 1453 scripturae
1159 1381 1261 1438 Orellios

201 1465 343 1535 explicatius
364 1466 490 1529 disseruit,
511 1471 580 1519 sexto
601 1464 696 1519 deoinro
716 1465 813 1521 saeculo
834 1480 910 1520 unum
931 1466 1016 1520 harum
1042 1466 1199 1537 epistulamm
1221 1482 1261 1522 ex-

201 1550 279 1604 titisse
290 1549 413 1612 codicem,
435 1563 507 1620 quern
527 1549 551 1602 in
573 1547 649 1603 Gallia
671 1556 793 1618 repertum
813 1564 868 1604 esse
889 1550 1027 1606 aiuoundo
1037 1549 1170 1606 Veronensi
1190 1565 1260 1619 supra

201 1633 259 1688 dixi.
292 1647 323 1686 ex
344 1646 374 1686 eo
397 1640 478 1686 autern
499 1632 632 1702 descriptas
654 1638 679 1686 et
697 1632 762 1686 Petri
783 1633 884 1687 Leandri
903 1634 1019 1690 industria
1041 1635 1126 1688 missas
1146 1634 1260 1704 epistulas
1306 1697 1307 1702 η

202 1717 327 1787 octoginta
338 1723 363 1770 et
373 1732 453 1783 unam,
461 1732 522 1788 quae
532 1715 624 1771 suntab
631 1716 734 1786 epistula
746 1717 929 1788 quadragesima
934 1718 1011 1788 prima
1021 1718 1176 1789 posteriores.
1188 1718 1259 1774 edidit
1306 1755 1307 1760 η

201 1799 358 1872 Hoeronprnu
368 1799 486 1854 Avendo
504 1801 631 1871 impressas
647 1815 690 1870 per
700 1800 813 1855 ioannem
830 1801 861 1855 de
871 1800 968 1856 Tridino
981 1817 1044 1857 auno
1065 1805 1142 1860 1502.
1176 1801 1261 1858 deinde

201 1885 285 1938 eodem
307 1899 369 1938 anno
389 1884 472 1954 paueis
492 1883 614 1939 mensibus
637 1891 693 1953 post
713 1883 839 1955 Pln'lo'ppus
858 1882 991 1940 monton
1011 1885 1104 1940 drantii
1125 1885 1260 1954 exemplum

200 1969 250 2023 suis
267 1967 411 2022 coniecturis
427 1969 580 2024 emendatum
598 1969 700 2038 repetiit.
745 1968 829 2023 tertius
850 1968 891 2038 qui
910 1969 1010 2025 eandem
1031 1969 1186 2039 epistularum
1208 1985 1260 2040 par·
1306 1989 1307 2036 i

200 2058 251 2106 tem
265 2053 346 2106 ederet
366 2051 445 2105 extitit
466 2051 618 2116 Cotem,
640 2052 680 2123 qui
701 2067 759 2107 suae
781 2052 936 2122 epistularum
956 2059 983 2108 et
1002 2054 1142 2125 panegyrici
1163 2053 1260 2108 editioni

200 2150 262 2190 anuo
282 2138 350 2192 1506
366 2134 492 2190 Mediolani
508 2135 629 2190 exhibitae
646 2134 732 2190 adiecit
755 2136 766 2166 e
774 2135 882 2191 libellum
907 2136 1062 2207 epistolarum
1082 2137 1112 2192 ad
1134 2137 1259 2192 Traianum

200 2233 257 2274 eum
279 2218 400 2289 rescriptis
419 2219 494 2275 eiusd.
506 2219 647 2291 prineipis'.
667 2211 828 2291 quod'auten
846 2235 896 2275 uuo
907 2227 1001 2276 tantum
1018 2221 1148 2292 exemplari
1166 2229 1261 2292 praeter

200 2303 322 2373 impressa,
343 2317 390 2358 neo
403 2303 445 2358 illo
459 2303 588 2359 admodum
605 2309 709 2366 vetusto.
725 2303 834 2374 adiutum
851 2319 878 2358 se
895 2304 1007 2360 iuissein
1024 2305 1063 2360 his
1078 2305 1187 2375 epistulis
1203 2307 1261 2360 diort

201 2386 347 2450 (lateranens,
368 2386 393 2442 id
413 2387 459 2442 nisi
481 2402 537 2442 oum
558 2385 648 2442 Orellio
670 2387 700 2441 ab
721 2387 773 2458 ipso
794 2387 925 2443 confictam
944 2389 1100 2454 iudieareris,
1122 2389 1260 2444 deliranti

201 2470 340 2544 apographo
361 2470 557 2544 intellegendum·
576 2479 621 2528 est.
664 2472 762 2528 undem
788 2470 885 2527 hiennio
914 2480 970 2543 post
991 2473 1104 2530 Cannae
1129 2472 1260 2528 editionem

200 2556 253 2626 ipso
277 2555 368 2611 Gallioo
394 2555 492 2621 codice,
519 2556 559 2627 qui
586 2557 710 2628 integrum
736 2556 823 2612 libmm
853 2555 974 2622 exhibuit,
1002 2557 1142 2613 initaliam
1171 2557 1253 2612 adlato

200 2639 290 2703 Aldus,
313 2640 345 2695 de
365 2640 433 2695 euius
452 2639 557 2696 editione
572 2655 643 2710 supra
661 2640 752 2696 dietum
768 2647 819 2703 est.
839 2642 954 2710 epistulas
966 2641 1124 2713 quadraginta
1139 2647 1164 2694 et
1176 2656 1261 2708 unam,

201 2724 296 2796 quaein
312 2723 431 2793 prioribus
448 2724 564 2796 exemplis
581 2725 691 2788 deerant.
713 2723 806 2779 adiecit.
835 2739 895 2796 ergo
913 2726 974 2781 duae
984 2724 1136 2781 mnthamm
1147 2725 1261 2794 epistula·

201 2823 254 2864 rum
275 2807 393 2862 editiones
414 2807 546 2878 principes,
568 2807 655 2880 quibus
675 2822 758 2861 eamm
777 2809 886 2864 recensio
906 2810 1005 2874 nititur
1025 2808 1100 2864 altera
1121 2808 1216 2864 drautii
1237 2809 1260 2863 in

200 2889 371 2962 posterionius
392 2897 485 2947 tantum
505 2891 613 2962 epistulis
635 2892 802 2963 octogintae
822 2908 882 2956 una,
900 2893 989 2965 altera,
1010 2892 1260 2964 quaeadnniversum

200 2974 287 3031 lilrnrm
303 2976 417 3045 pertinet,
434 2975 496 3031 nidi.
518 2991 533 3029 e
550 2974 636 3047 quibus
647 2976 761 3031 drantius
774 2991 917 3048 quamquam
934 2992 978 3047 pro
989 2977 1051 3032 virili
1068 2991 1113 3032 sua
1130 2976 1302 3047 mmigatas

200 3075 214 3113 a
234 3073 262 3113 se
286 3059 400 3129 epistulas
420 3059 491 3124 deit,
512 3067 594 3114 tamen
618 3075 694 3129 pauoa
716 3060 838 3115 ridetur
830 3077 854 3115 ur
875 3061 905 3115 iis
928 3075 990 3132 quae
1005 3075 1021 3114 e
1037 3060 1122 3116 oodiee
1138 3051 1302 3130 descripta

200 3141 304 3198 habebat
326 3149 446 3208 mutasse,
466 3143 541 3199 Aldus
551 3143 633 3198 multis
643 3143 811 3198 mnreeturrsa
825 3143 932 3199 ineundo
942 3159 996 3208 suo
1010 3145 1035 3199 ui
1055 3144 1133 3208 fallor
1144 3144 1261 3213 proiectis

200 3227 291 3282 oodiois
310 3226 452 3296 seripturam
473 3227 581 3282 mutarit.
607 3227 672 3282 unde
687 3228 817 3282 existimari
833 3227 891 3282 lieet
906 3243 979 3299 quam
991 3228 1066 3299 louge
1083 3242 1126 3282 eae
1142 3228 1262 3297 epistulae

200 3325 299 3382 quamm
310 3310 422 3366 omnisin
433 3310 639 3380 nidinoeremplo
656 3311 716 3367 tides
732 3319 797 3366 esta
814 3312 918 3382 genuina
938 3311 1055 3381 seriptura
1076 3311 1184 3368 deflexae
1202 3311 1261 3366 siut.

200 3394 243 3448 sed
267 3409 323 3449 cunr
342 3409 401 3448 rnon
422 3395 446 3448 in
466 3395 572 3451 seeundo
594 3393 707 3450 Gatamei
728 3395 847 3459 editione,
868 3411 940 3466 qnam
959 3396 1045 3467 reliqui
1066 3395 1171 3450 editores
1194 3401 1222 3448 ut
1238 3396 1262 3447 in

200 3480 286 3532 oeteris
306 3477 373 3532 libus
392 3479 426 3532 ita
447 3478 471 3534 in
488 3477 537 3533 lroo
559 3479 611 3535 iere
630 3479 804 3551 sequebantur,
826 3479 879 3533 nidi
895 3478 1003 3534 recensio
1024 3479 1093 3534 noris
1114 3478 1263 3533 coniecturis

199 3568 341 3633 angeretur,
361 3562 453 3617 netum
470 3570 507 3618 est
518 3570 545 3618 ut
555 3562 709 3618 veliementer
721 3562 878 3633 interpolatae
886 3561 932 3616 irae
942 3562 1060 3633 epistulae
1073 3561 1261 3617 eirenmlerron·
