2632 4102
388 309 651 372 EPISTULARUM
664 311 714 371 111.
737 321 764 375 6.
1039 311 1082 375 49

91 461 226 524 initiasse
242 466 321 542 quasi
335 462 445 524 solutus
459 465 563 524 esteris
579 465 654 525 euris
668 463 734 522 huie
749 465 796 523 nni
809 464 942 526 vaeabat:
956 462 991 524 ad
1005 464 1079 529 latos
1089 481 1122 532 15

88 549 203 610 notarius
217 564 280 606 oum
290 547 365 608 libro
379 555 409 606 et
422 545 625 625 pugillaribus,
648 549 729 608 euius
742 565 839 608 manus
854 547 949 608 bieme
961 549 1079 611 manieis

88 631 281 708 muniebantur,
297 640 329 690 ut
338 649 374 690 ue
387 630 459 690 oaeli
471 629 587 708 quidem
597 633 736 708 asperitas
750 630 836 690 nidum
850 630 951 692 studiis
966 641 1079 710 tempus

88 716 218 791 eriperet;
242 732 297 794 qua
317 732 356 775 ex
376 731 462 775 eausa
481 713 589 774 Romae
609 730 725 793 quoqne
746 713 818 774 sella
833 714 999 774 vehebatur.
1022 714 1079 775 lie·
1089 731 1122 785 16

66 809 212 876 apotome
232 807 397 878 correptum
415 798 451 857 ab
472 813 508 857 eo
532 814 584 856 enr
601 797 789 858 ambularem:
820 803 962 878 ‘poteras’
983 799 1080 878 inquid

87 881 143 941 ‘bas
157 880 240 952 horas
254 898 312 942 non
322 881 474 961 perdere';
486 897 551 940 nom
564 881 659 960 perire
672 897 755 940 omne
766 890 879 959 tempus
894 882 1080 944 arbitrabatur

86 963 155 1042 quod
174 965 274 1027 studiis
293 983 350 1026 non
368 964 580 1044 inpenderetur.
611 963 672 1025 Hae
691 966 846 1026 intentione
867 975 910 1028 tot
929 967 983 1028 ista
998 967 1121 1033 volu-tt

85 1049 150 1108 mina
176 1051 291 1128 peregit
316 1047 531 1127 electorumque
553 1050 769 1109 oommentanios
795 1059 908 1110 eentum
932 1053 1079 1128 sexaginta

84 1131 144 1190 mibi
156 1131 287 1211 reliquit,
306 1131 548 1210 opisthographos
562 1130 676 1210 quidem
689 1141 718 1192 et
732 1133 917 1194 minutissime
939 1137 1079 1213 seriptos;

52 1225 135 1293 loqoa
146 1219 255 1276 ratione
269 1215 527 1295 multiplicaturbie
536 1232 679 1275 numerus.
702 1214 858 1277 Referebat
871 1219 936 1296 ipse
950 1220 1080 1296 potuisse

85 1317 129 1376 se,
151 1317 213 1360 enm
236 1308 406 1378 proennaret
424 1301 452 1359 in
471 1298 622 1377 Hispania,
647 1298 774 1360 vendere
792 1298 846 1358 bos
863 1303 1079 1362 commentarios

84 1381 177 1460 largio
189 1383 288 1444 bieino
300 1382 512 1462 quadringentis
521 1381 633 1443 milibus
648 1399 799 1460 nummum,
813 1392 843 1444 et
857 1392 924 1443 tune
935 1383 1079 1462 aliquanto

84 1469 227 1544 paueiores
239 1476 329 1529 erant.
345 1465 448 1526 Nonne
459 1465 571 1527 videtur
580 1467 631 1527 tibi
645 1467 805 1529 reeordanti
818 1478 950 1546 quantum
963 1467 1079 1546 legerit,
1088 1480 1122 1534 18

86 1561 209 1628 quantun
223 1551 391 1630 scripserit,
412 1568 469 1610 nee
482 1552 511 1609 in
528 1549 631 1611 oiiieiis
645 1549 711 1612 ullis
725 1569 780 1611 neo
794 1553 822 1610 in
839 1553 960 1612 amicitia
973 1554 1079 1631 prinei·

51 1635 126 1711 lepis
137 1635 244 1712 inisse,
263 1651 380 1713 rursus,
402 1651 466 1694 enm
486 1632 566 1694 andis
585 1634 652 1714 quid
672 1635 772 1695 studiis
788 1635 894 1696 laboris
907 1634 1078 1714 inpenderit,

85 1735 135 1778 nee
148 1721 302 1798 scripsisse
317 1721 386 1779 satis
399 1735 456 1778 nee
469 1715 600 1796 legisse?
625 1716 700 1791 Quid
718 1728 763 1779 est
781 1720 856 1779 enim
870 1719 948 1796 quod
961 1735 1019 1778 non
1032 1729 1081 1779 aut

85 1799 145 1862 iliae
165 1804 372 1881 oeenpationes
391 1802 521 1882 inpedire
537 1811 584 1862 aut
599 1801 672 1863 baeo
691 1803 821 1863 instantia
834 1819 891 1862 non
910 1805 1003 1881 possit
1017 1801 1081 1862 eiii-

87 1883 169 1944 eere?
188 1886 288 1966 ltaque
303 1885 386 1947 sedeo
399 1887 512 1963 ridere,
528 1903 592 1945 cum
605 1903 651 1946 me
668 1885 781 1964 quddam
796 1885 953 1948 studiosum
963 1895 1079 1965 voeant,
1089 1895 1123 1950 19

87 1969 140 2046 qui,
154 1972 178 2029 si
191 1988 342 2050 oomparer
355 1969 408 2048 illi,
423 1987 485 2031 snm
499 1968 748 2030 desidiosissimos.
777 1968 842 2047 Ego
855 1979 949 2030 autem
962 1979 1079 2049 tantum,

52 2059 164 2130 sequen
176 2055 278 2134 partim
292 2053 407 2132 publiea
420 2055 521 2133 partim
534 2055 688 2113 amisorum
704 2054 799 2113 oiiieia
810 2051 999 2131 distringunt?
1017 2057 1080 2133 quis

88 2138 197 2199 existis
217 2139 268 2218 qni
286 2147 347 2197 tota
365 2139 423 2198 vita
443 2135 546 2197 litteris
566 2136 696 2198 adsident
718 2136 839 2198 oollatus
859 2137 901 2196 illi
922 2155 978 2197 non
1000 2141 1080 2216 quasi

87 2236 177 2281 somno
190 2233 220 2283 et
233 2223 353 2282 inertiae
370 2219 481 2280 deditus
495 2216 668 2281 erubeseat?
689 2220 813 2281 Extendi
827 2219 992 2300 epistulam,
1017 2239 1080 2281 enm
1089 2229 1122 2282 20

87 2300 137 2362 boe
150 2305 240 2365 solnm
258 2305 335 2382 quod
346 2305 514 2384 requirebas
527 2304 657 2364 seribere
670 2304 875 2380 destinassem,
899 2320 971 2383 quos
992 2303 1081 2364 libros

88 2385 259 2466 reliquisset:
285 2387 398 2448 ooniido
417 2398 513 2448 tamen
530 2387 604 2448 bueo
621 2405 736 2467 quoque
755 2389 806 2449 tibi
826 2405 882 2448 non
896 2389 988 2448 minus
1001 2396 1081 2466 grata

55 2471 165 2546 tiquam
178 2475 260 2552 ipsos
273 2471 362 2532 libros
375 2473 479 2547 intera,
495 2489 567 2551 quae
578 2481 608 2532 te
623 2488 680 2532 non
692 2482 801 2533 tantum
816 2472 851 2532 ad
866 2470 1007 2548 legendos
1028 2487 1081 2531 eos

16 2581 17 2616 ;
89 2569 177 2614 verum
189 2558 275 2616 etiam
288 2555 323 2616 ad
337 2555 429 2616 simile
449 2553 554 2633 aliquid
569 2554 769 2616 elaborandum
782 2562 905 2634 possunt
917 2553 1081 2615 aemulatio·

89 2637 127 2696 nis
140 2639 258 2700 stimulis
273 2641 409 2700 exaitare.
431 2637 512 2697 Vale.

58 2890 86 2948 ω
302 2770 856 2925 c.nn1nsnnn1v‹n¹snvnn0snos.
969 2831 971 2834 ’

144 2971 188 3033 Ex
205 2973 364 3035 hereditate
379 2993 452 3054 quae
469 2974 536 3035 mibi
551 2975 668 3035 obvenit
686 2976 741 3034 emi
756 2976 886 3055 proxime
906 2973 1106 3039 Corinthiuml

92 3053 202 3136 signnm,
217 3057 358 3119 modienm
372 3057 486 3138 quidem
499 3058 552 3119 sed
563 3058 697 3119 iestivnm
712 3067 741 3118 et
756 3075 934 3137 expressum,
949 3066 1083 3138 quantum

94 3152 143 3213 030
154 3144 250 3220 sapio,
265 3145 313 3222 qni
326 3143 449 3204 fortasse
464 3144 493 3200 in
505 3144 579 3202 omni
593 3161 644 3219 re,
665 3143 693 3201 in
708 3141 762 3202 bae
777 3149 857 3202 eerte
871 3157 1008 3221 perquam
1023 3141 1083 3200 exi-

93 3235 169 3295 guum
190 3227 285 3304 s'apio:
310 3227 368 3288 boe
388 3235 483 3286 tamen
504 3228 616 3303 signnm
635 3241 692 3303 ego
715 3243 830 3305 quoquo
849 3223 998 3301 intellego.
1029 3221 1109 3288 ΕΜ

61 3305 159 3366 sesnin
171 3308 274 3370 nudum
287 3329 343 3372 neo
358 3311 502 3388 antusia,
518 3312 542 3370 si
557 3327 613 3389 qua
628 3318 704 3386 sunt,
720 3309 796 3370 eelat
811 3317 858 3368 ant
870 3306 969 3367 laudes
984 3323 1083 3384 parum

95 3398 220 3454 manat:
239 3393 351 3472 attingit
365 3410 463 3456 senem
478 3401 613 3462 stantern;
633 3410 711 3471 ossa,
725 3391 857 3468 musculi,
873 3391 963 3467 nervi,
978 3408 1082 3467 venae,

94 3486 173 3549 rugae
189 3479 271 3538 etiam
284 3488 315 3539 nt
328 3479 460 3559 spirantis
474 3486 623 3556 apparent,
636 3479 693 3538 rari
708 3487 739 3536 et
754 3475 891 3537 oedentes
904 3473 1011 3553 suptili,
1027 3472 1084 3535 lata

96 3553 332 3636 benesonantem
348 3564 449 3638 iacies,
469 3561 546 3624 exile
561 3561 677 3640 eollnm,
691 3559 818 3640 pendent
833 3558 944 3703 decerpi,
959 3557 1083 3638 papillae

131 3643 198 3702 Ptmr
216 3648 264 3704 Er.
