2616 4096
924 176 930 207 l

331 289 594 351 EPISTULARUM
607 287 684 350 v111.
702 301 747 352 22·
762 299 806 352 23.
823 298 868 352 24.
1039 287 1100 354 173

94 451 141 504 tus
158 443 187 501 iu
201 440 332 521 petendis
346 441 501 502 honoribus
517 443 622 502 fuemt:
643 441 678 501 ad
699 441 755 501 boc
778 443 817 501 ita
833 459 879 501 me
893 440 1047 519 ditigebat,
1062 442 1101 503 ita

94 525 251 586 verebatur
264 533 293 584 ut
307 543 352 584 me
367 525 520 586 formatore
535 542 660 601 morum,
687 543 732 585 me
753 525 834 602 quasi
853 525 989 602 magistro
1004 533 1099 586 utere·

94 618 152 669 tur.
171 607 276 668 Rmum
295 608 350 668 boc
372 610 400 667 iu
419 606 650 672 adulescentibus
672 610 788 668 nostris.
818 606 890 666 llam
904 616 1007 685 quotus
1023 609 1125 686 quis-3

95 710 154 771 qne
168 691 217 751 vel
237 692 321 752 aetati
340 689 457 750 alterius
477 690 525 752 uel
542 692 700 753 auctoritati
721 701 751 751 ut
770 693 861 750 minor
880 687 977 751 cedit?
999 690 1099 752 Statim

67 777 220 853 5sapiuut,
235 775 329 836 statim
346 776 438 835 sciunt
453 778 561 852 omnia,
577 776 716 835 nemiuem
732 784 878 850 verentur,
895 775 1036 834 imitantur
1050 793 1100 834 ne·

94 860 199 919 minem
217 867 302 937 atquc
323 858 379 936 ipsi
398 859 452 919 sibi
474 857 605 937 exempla
625 867 699 919 sunt.
731 858 790 918 Sed
811 875 867 918 non
882 856 999 934 Avitus,
1020 859 1099 919 euius

95 943 170 1002 baec
185 944 339 1021 praecipua
353 941 518 1020 prudentia,
544 941 620 1020 quod
640 941 712 1001 alios
733 940 932 1020 prudentiores
947 941 1100 1002 arbitraba·

94 1035 158 1102 tur,
180 1024 253 1084 baec
273 1026 427 1104 praecipua
448 1024 586 1102 eruditio,
609 1024 686 1103 quod
701 1025 814 1086 discere
828 1023 955 1085 volebat.
978 1024 1125 1102 Sempart

95 1108 147 1168 ille
161 1118 209 1168 aut
224 1107 260 1168 de
276 1108 376 1169 studiis
391 1107 555 1187 aliquidaut
570 1108 605 1168 de
622 1108 724 1168 officiis
740 1111 814 1168 vitae
831 1107 1009 1185 consulebat,
1026 1127 1100 1170 sem·

52 1204 87 1255 lo
96 1209 152 1270 per
165 1194 205 1252 ita
217 1191 372 1252 recedebat
393 1202 423 1252 ut
445 1192 546 1252 melior
558 1191 662 1268 iactus,
680 1201 708 1251 et
724 1201 784 1251 erat
800 1190 892 1252 iactus
909 1189 957 1250 vel
971 1209 1008 1250 eo
1023 1193 1100 1270 quod

95 1274 223 1335 audierat
249 1274 296 1334 vel
323 1274 399 1354 quod
419 1276 530 1336 omnino
552 1277 721 1354 quaesierat.
754 1272 839 1346 Quod
859 1273 909 1332 illo
930 1274 1125 1352 obsequium5

96 1359 252 1436 Serviano,
268 1360 450 1420 exactissimo
463 1360 542 1437 viro,
557 1357 711 1438 praestitit!
736 1375 820 1436 quem
834 1356 960 1435 legatum
971 1358 1099 1418 tribunus

94 1444 134 1502 ita
149 1450 178 1501 et
194 1441 333 1502 intellexit
347 1452 377 1503 et
392 1445 469 1521 cepit
483 1453 513 1504 ut
525 1461 561 1502 ex
576 1441 721 1503 Gcmrania
735 1443 764 1500 in
775 1441 942 1502 Pannoniam
953 1451 1099 1501 transeun-

95 1535 156 1586 tem
167 1542 224 1584 nou
240 1535 270 1585 ut
287 1525 439 1586 commilito
457 1526 510 1586 sed
525 1536 556 1587 ut
571 1543 668 1586 comes
684 1525 903 1603 adsectatorque
918 1533 1097 1603 sequeretur.

52 1611 87 1663 15
97 1608 160 1682 Qua
176 1607 329 1686 industria,
346 1627 400 1688 qua
419 1608 556 1671 modestia
571 1619 707 1689 quaestor
720 1608 885 1669 consulibus
904 1608 963 1669 suis
975 1608 1022 1685 (et
1036 1607 1098 1686 plu-

95 1711 145 1752 res
159 1691 268 1772 babuit)
284 1710 341 1752 nou
354 1694 444 1754 minus
459 1693 598 1754 iucundus
613 1702 642 1753 et
653 1703 749 1770 gratum
765 1709 847 1771 quam
861 1692 937 1752 utilis
950 1691 1015 1751 luit!
1033 1689 1098 1763 Quo

96 1775 245 1854 discursu,
268 1794 323 1855 qua
342 1777 502 1855 vigilantia,
525 1779 596 1837 hanc
609 1777 700 1854 ipsam
714 1776 904 1852 aedilitatem,
920 1776 965 1834 eui
982 1792 1097 1852 praere·

95 1869 163 1938 ptus
185 1868 247 1937 est,
266 1861 361 1937 petiit!
383 1861 460 1939 quod
477 1860 524 1920 vel
545 1863 663 1921 maxime
686 1859 814 1920 dolorem
832 1877 925 1919 meum
940 1857 1096 1919 exulcerat.

96 1941 292 2003 Obversantur
306 1943 396 2005 oculis
413 1947 488 2006 cassi
503 1944 617 2005 labores
630 1953 659 2004 et
673 1943 865 2004 infructuosae
881 1960 986 2022 preces
1002 1950 1031 2001 et
1047 1944 1125 2009 luo-o

51 2035 87 2087 20
96 2043 151 2086 nor
165 2044 251 2104 quem
266 2031 367 2088 meruit
383 2032 506 2088 tautum.⁴
528 2027 613 2088 Redit
628 2029 720 2088 auimo
734 2027 785 2088 ille
802 2027 875 2087 latus
891 2025 988 2086 clavus
1004 2026 1033 2084 iu
1048 2044 1098 2105 pa-

95 2109 208 2170 natibus
224 2111 294 2172 meis
308 2121 447 2191 sumptus,
459 2111 579 2173 redeunt
592 2111 641 2170 illa
655 2113 761 2190 prima,
781 2110 829 2170 illa
840 2119 985 2188 postrema
998 2109 1098 2170 sulira·

94 2195 142 2271 gia
161 2211 243 2271 mea,
260 2193 303 2254 illl
324 2213 486 2273 sermones,
511 2195 577 2256 illae
595 2194 827 2256 consultationes.
861 2193 987 2253 Adficior
1001 2192 1121 2260 adulo-t

94 2279 206 2337 scentia
220 2278 326 2357 ipsius,
347 2279 464 2340 adficior
479 2278 720 2340 necessitudinum
734 2295 812 2338 casu.
844 2277 912 2337 Erat
926 2275 967 2335 illi
984 2275 1097 2352 grandis

94 2369 160 2420 natu
176 2377 292 2440 pareus,
304 2372 364 2423 erat
380 2382 468 2440 uxor,
492 2380 574 2442 quam
588 2372 653 2423 ante
667 2380 768 2423 aunum
780 2362 919 2438 virginem
932 2369 1096 2438 acceperat,

53 2454 157 2508 uberat
174 2443 247 2522 fllia,
269 2463 351 2524 quam
370 2446 456 2526 paulo
476 2457 541 2508 ante
558 2443 721 2508 sustulerat.
755 2443 810 2505 Tot
830 2461 917 2523 spes,
939 2451 981 2502 tot
996 2441 1098 2520 gaudia

95 2527 157 2588 dies
172 2546 244 2587 unus
254 2530 283 2588 in
293 2529 413 2590 adversa
425 2531 572 2591 convertit.
594 2528 680 2589 blodo
692 2528 855 2606 designatus
866 2524 978 2604 aedilis,
992 2539 1125 2594 recensa

93 2612 227 2690 maritus,
241 2630 345 2674 recens
362 2624 458 2692 pater,
477 2617 611 2675 intactum
625 2613 779 2690 bonorem,
798 2612 896 2671 orbam
908 2618 1042 2686 matrem,
1055 2610 1097 2670 ui·

95 2693 178 2755 duam
192 2713 322 2775 uxorem,
340 2697 422 2758 lilium
434 2697 570 2777 pupillam
583 2699 708 2774 ignaram
723 2697 778 2773 avi,
794 2695 881 2773 patris
896 2693 1020 2772 reliquit.
1040 2693 1096 2755 Ac·

95 2778 172 2839 cedit
187 2778 311 2840 lacrimis
332 2783 404 2842 meis
427 2781 503 2860 quod
522 2783 626 2843 absens
650 2789 679 2840 ct
702 2779 882 2859 inpendentis
902 2777 968 2837 mali
982 2779 1097 2840 nescius

53 2863 203 2941 apparitor
217 2881 345 2942 aegrum,
361 2868 467 2945 pariter
481 2866 647 2928 decessisse
663 2866 801 2942 cognovi,
818 2881 855 2924 ne
866 2859 1033 2940 gravissimo
1048 2861 1097 2922 do·

94 2944 149 3006 lori
167 2956 298 3026 tempore
321 2965 553 3010 consuescerem.
582 2948 615 3010 lu
636 2949 720 3008 tantis
743 2949 891 3011 tormentis
912 2963 1006 3024 eram,
1035 2964 1098 3006 cum

94 3031 253 3091 scriberem
273 3031 364 3111 baec,
385 3033 544 3095 scriberem
563 3031 640 3099 sola;
662 3049 757 3111 neque
781 3033 855 3094 euim
870 3048 945 3091 nuuc
959 3028 1035 3090 aliud
1050 3036 1098 3088 aut

95 3114 225 3191 cogitare
239 3125 286 3176 aut
298 3115 377 3194 loqui
390 3134 518 3196 possum.
547 3116 629 3177 Vale,

52 3293 85 3347 as
536 3229 674 3312 mnf*

372 3349 400 3406 c.
419 3351 545 3403 rnmms
562 3350 694 3402 maxumo
713 3349 773 3402 suo
793 3349 820 3400 s.

155 3451 245 3513 Amor
264 3452 293 3512 in
308 3462 338 3513 te
359 3470 440 3514 meus
462 3455 558 3532 cogit,
584 3470 641 3513 non
663 3462 694 3512 ut
709 3452 882 3531 praecipiam
899 3449 1009 3528 (neque
1023 3447 1123 3512 enlml

95 3545 286 3615 praeceptore
306 3537 407 3615 eges),
425 3536 589 3597 admoneam
607 3546 717 3614 tamen,
738 3543 768 3594 ut
785 3552 857 3613 quae
879 3534 938 3594 scis
951 3541 1051 3593 teneas
1068 3540 1099 3592 et
