2632 4096
201 254 243 320 76
628 256 661 318 G.
682 257 781 319 PllNI

177 411 331 471 scursoria
344 409 468 489 epistula
480 427 565 487 rogo.
584 409 642 470 Sed
657 411 737 488 prius
753 411 855 492 accipe
870 427 971 472 causas
988 409 1116 488 rogandi.
1138 408 1208 470 l’ro-
1311 433 1312 480 t

199 496 275 554 xime
291 511 356 554 cum
368 496 397 554 in
412 495 502 573 patria
516 510 580 554 mea
597 493 648 570 tut,
663 494 792 555 renit'ad
805 512 851 555 me
867 492 1041 556 salutandum
1055 494 1211 572 municipis

200 579 256 638 mei
268 577 342 638 lilius
356 586 562 656 praetextatus.
589 577 663 637 Huic
677 595 734 657 ego
751 574 903 639 ‘studesl’
919 580 1042 654 inquam.
1074 575 1209 656 llespon·

199 660 241 722 dit
255 663 374 722 ‘etiam'
396 658 502 722 ‘Ubii’
526 661 713 722 ‘llediolani’
734 659 806 722 ‘Gur
821 679 878 722 non
892 658 978 721 btct’
998 660 1036 722 lit
1046 669 1129 740 pater
1143 663 1209 721 eius

201 746 278 825 (erat
291 746 365 805 enim
378 763 433 804 una
447 752 534 823 atque
550 747 636 805 etiam
651 747 716 823 ipse
731 745 886 806 adduxerat
900 745 1036 825 puerum)
1051 746 1129 823 ‘quia
1144 744 1241 810 nul·5

177 828 246 890 llos
259 828 307 889 hic
323 838 531 907 praeceptores
545 827 703 890 babemus!
725 827 834 902 ‘Quare
845 825 962 889 nullos?
976 845 1039 887 nam
1051 828 1209 889 vehemen-

199 922 245 974 ter
259 913 395 972 intererat
408 921 523 989 vestra,
541 914 589 992 qui
605 922 702 990 patres
718 914 811 988 estis',
827 921 857 972 et
873 921 1034 993 opportune
1051 911 1209 991 conplures

199 1006 296 1075 patres
314 995 475 1074 audiebant,
491 995 612 1056 ‘liberos
626 1003 741 1057 vestros
754 995 801 1056 bic
815 998 992 1076 potissimum
1007 996 1130 1058 discere.
1150 994 1209 1056 Ubi

200 1081 276 1139 enim
289 1087 337 1139 aut
348 1079 500 1140 iucundius
511 1089 689 1140 morarentur
699 1097 782 1158 quam
793 1082 821 1141 in
833 1083 924 1158 patria
933 1090 982 1141 aut
993 1079 1125 1158 pudicius
1137 1097 1208 1140 con·

199 1165 359 1224 tinerentur
373 1181 456 1242 quam
470 1164 524 1225 sub
539 1163 632 1226 oculis
646 1173 794 1243 parentum
809 1174 856 1226 aut
870 1167 980 1225 minore
994 1172 1108 1242 sumptu
1123 1181 1257 1242 quam1o

176 1244 296 1312 edomil
317 1245 489 1320 Quantulum
510 1257 556 1310 est
576 1264 649 1326 ergo
669 1247 773 1309 collata
793 1251 916 1327 pecunia
939 1248 1102 1309 conducere
1123 1265 1207 1325 prae·

201 1341 354 1410 captores,
368 1333 502 1410 quodque
518 1350 594 1392 nunc
607 1334 635 1408 in
649 1332 854 1408 habitationes,
871 1335 900 1392 in
910 1333 1022 1407 viatica,
1040 1333 1069 1391 in
1083 1349 1118 1391 ea
1132 1347 1208 1410 quae

200 1432 324 1494 peregre
341 1425 470 1476 emuntur
490 1416 645 1494 inpenditis
666 1415 781 1478 adicere
800 1412 1002 1478 mercedibus?
1021 1415 1117 1492 Atque
1133 1415 1208 1476 adeo

201 1516 274 1575 ego,
295 1499 344 1576 qui
358 1498 483 1559 nondum
501 1498 611 1560 liberos
632 1499 742 1575 babeo,
764 1509 878 1578 paratus
894 1517 956 1561 sum
973 1516 1027 1577 pro
1043 1498 1208 1577 republica

200 1590 313 1660 nostra,
337 1585 418 1660 quasi
433 1600 486 1661 pro
507 1582 565 1644 ilia
580 1582 628 1643 vel
644 1592 780 1662 parente,
805 1587 915 1644 tertiam
930 1592 1039 1661 partem
1053 1585 1115 1643 eius
1130 1581 1209 1660 quod
1217 1599 1255 1649 15

176 1665 334 1728 ocorierre
348 1667 433 1728 robis
450 1666 577 1745 placebit
592 1667 668 1728 dare.
700 1666 803 1727 Totum
818 1669 902 1728 etiam
919 1666 1085 1745 pollicerer,
1099 1667 1155 1726 nisi
1171 1668 1207 1726 ti·

201 1767 309 1810 nerem
329 1768 366 1810 ne
387 1751 444 1811 boc
463 1767 564 1812 mnus
585 1767 679 1812 meum
700 1751 870 1830 quaanue
885 1751 989 1811 ambitu
1007 1766 1208 1827 corrumpere·

200 1841 263 1910 tur,
279 1842 309 1893 ut
322 1835 457 1896 accidere
471 1835 568 1896 multis
582 1837 611 1895 in
624 1835 699 1896 locis
713 1835 814 1912 video,
830 1837 859 1895 in
877 1835 981 1913 quibus
997 1843 1208 1913 praeceptores

177 1923 195 1980 7
203 1915 321 1995 publice
342 1917 546 1979 conducuntur.
577 1917 651 1979 lluic
664 1921 735 1980 vitio
751 1921 864 1979 occurri
879 1936 936 1979 uno
951 1918 1080 1980 remedio
1095 1926 1207 1996 potest,

201 2001 225 2060 si
240 2001 405 2078 parentibus
420 2001 491 2064 solis
502 2003 547 2063 ius
562 2002 739 2064 conducendi
752 2002 926 2082 relinquatur
940 2002 1088 2081 isdemque
1099 2001 1256 2080 religioso

176 2091 282 2146 erecte
303 2082 443 2144 iudicandi
457 2088 631 2147 necessitate
648 2085 809 2148 collationis
830 2086 956 2149 addatur.
985 2085 1056 2147 Nam
1076 2087 1125 2164 qni
1146 2085 1208 2147 ior·

140 2179 142 2185 ⁴
200 2175 278 2228 tasse
292 2166 330 2228 tle
344 2166 439 2228 alieno
453 2168 657 2248 neglegentes,
672 2180 752 2230 certe
767 2170 803 2231 de
818 2188 871 2231 suo
887 2170 1041 2248 diligentes
1059 2178 1140 2229 erunt
1158 2169 1208 2230 da·

201 2251 329 2329 buntque
351 2268 469 2330 operam
488 2272 525 2313 ne
546 2271 564 2313 a
584 2272 630 2313 me
650 2257 799 2332 pecuniam
813 2257 938 2316 nonnisi
955 2255 1206 2332 dignusaccipiat‚

177 2335 229 2398 ost
244 2343 416 2413 accepturus
432 2345 462 2397 et
475 2339 512 2397 ab
526 2338 598 2417 ipsis
613 2339 676 2399 erit.
706 2337 828 2399 Psoinde
845 2339 1024 2416 consentite,
1041 2340 1208 2415 conspirate

200 2421 393 2498 maforamque
408 2423 529 2482 animum
543 2440 582 2483 ex
592 2439 657 2482 meo
673 2424 787 2500 sumite,
802 2424 850 2502 qui
865 2424 952 2501 cupio
968 2441 1036 2484 esse
1049 2437 1132 2500 quam
1142 2420 1255 2500 plu-25

199 2505 299 2562 rimam
316 2505 394 2583 quod
409 2505 530 2566 debeam
544 2506 687 2568 conferre.
714 2506 791 2566 Nibil
805 2506 955 2574 honestius
970 2515 1116 2584 praestare
1132 2503 1208 2564 libe·

199 2589 239 2650 ris
259 2590 381 2667 vestris,
403 2588 473 2650 nibil
493 2593 600 2668 gratius
621 2593 728 2669 patriae
749 2592 884 2668 potestis.
914 2590 1081 2651 Educentur
1093 2589 1142 2649 bic
1156 2589 1208 2666 qui

201 2671 249 2732 tte
270 2682 425 2734 amountur
444 2676 596 2754 statimqne
616 2674 652 2734 ab
672 2674 787 2736 infantia
806 2674 898 2736 natale
919 2673 1013 2736 solum
1031 2691 1125 2734 amare
1147 2672 1207 2732 ire·

200 2763 341 2897 tibi
355 2757 1254 2922 ttttttttt,,littttt‘tdtdttftttttdta

200 2919 285 2980 liberi
301 2923 390 2982 uestri
405 2922 497 2986 aliena
511 2926 539 2983 in
554 2925 635 3004 loca,
659 2929 697 2986 ita
711 2944 778 2986 mox
792 2925 877 2986 alieni
892 2929 921 2985 in
935 2926 1010 2986 huno
1024 2924 1120 2985 locum
1136 2941 1205 2984 con·

160 3003 320 3065 roountt’
339 3003 418 3066 llaec
439 3009 535 3085 putari
554 3007 639 3070 altius
660 3021 689 3071 et
710 3012 790 3090 quasi
812 3027 827 3069 a
850 3009 928 3071 lonte
948 3008 1122 3088 repetenda,
1146 3024 1206 3086 quo

200 3091 290 3168 magis
304 3091 396 3153 scires
412 3109 494 3170 want
514 3104 623 3170 gratum
643 3094 710 3156 milri
729 3094 822 3171 ieret,
844 3096 869 3156 si
888 3095 1055 3172 susciperes
1072 3091 1149 3171 quod
1163 3094 1206 3150 in·

200 3176 299 3251 iunge.
320 3172 441 3254 lniungo
457 3186 550 3237 auten
562 3187 595 3238 et
608 3195 662 3257 pro
677 3180 719 3239 rei
734 3178 927 3256 magnitudine
942 3195 1016 3255 rogo
1030 3186 1062 3236 ut
1071 3195 1110 3236 ex
1121 3177 1207 3253 copia

200 3258 410 3338 studiosorum,
433 3279 507 3339 quae
526 3261 562 3322 ad
583 3273 613 3324 te
630 3281 668 3322 ex
683 3261 867 3324 admiratione
881 3263 988 3340 ingenii
1002 3262 1043 3322 tui
1059 3261 1253 3338 convenitis

201 3343 415 3422 circumspicias
437 3355 643 3423 praeceptores
662 3363 736 3425 quos
751 3346 907 3408 sollicitere
921 3347 1083 3425 possimus,
1098 3344 1153 3405 sub
1169 3361 1206 3404 ca

199 3435 292 3486 tarmen
309 3427 472 3489 conditione
487 3447 525 3491 ae
540 3432 587 3489 cni
602 3429 687 3490 fldem
700 3448 791 3492 meam
807 3432 993 3508 obstringam.
1016 3429 1114 3489 Omnia
1129 3428 1207 3488 enim

200 3509 290 3570 libera
310 3513 477 3590 parentibus
499 3530 594 3575 serso.
624 3512 670 3574 llli
691 3514 833 3594 iudicent,
856 3514 898 3575 illi
920 3513 1039 3593 eligant:
1059 3529 1118 3591 ego
1137 3511 1207 3573 ruibi
