2632 4102
374 299 639 362 ErisTULARUtt
656 300 680 360 1.
703 312 746 364 11.
759 313 801 364 m.
1055 300 1093 364 ll

85 463 128 515 tot
143 453 267 532 pignora
281 469 368 512 veros
393 453 512 513 amicos.
547 452 606 520 Sed
622 463 678 512 tam
693 453 795 531 longa,
811 463 867 514 tam
880 455 978 533 iniqua
990 455 1119 518 velim-l

84 537 151 598 dine
167 535 384 597 conflictabatur
401 545 432 595 nt
454 535 527 596 baec
541 545 616 597 tanta
631 539 722 615 pretia
733 537 849 598 vivendi
863 541 964 600 mortis
978 541 1094 600 rationi-

84 621 140 682 bus
155 622 351 680 vincerentur.
386 617 485 680 'lertio
500 630 530 680 et
544 623 710 682 tricensimo
725 639 815 700 anno,
841 631 872 682 ut
887 624 982 701 ipsum
997 623 1094 683 audie·

85 705 167 782 bam,
190 702 295 782 pedum
311 702 413 764 dolore
429 714 581 782 correptus
599 713 654 765 est.
686 705 796 766 Patrios
810 705 860 766 bic
875 705 935 766 illi:
954 724 1017 766 nam
1033 707 1093 784 ple·

60 799 207 867 urumque
223 787 315 847 morbi
327 805 445 867 quoque
459 805 513 866 per
526 790 731 850 successiones
748 790 893 869 quasdam,
909 800 942 851 ot
957 789 1022 866 alia,
1039 802 1093 851 tra·

85 871 202 932 dnnmr.
235 869 317 931 Hunc
332 871 503 932 abstinentia
517 874 677 951 sanctitate,
694 873 788 952 quoad
800 873 901 935 viridis
915 883 1006 952 aetas,
1023 877 1114 935 vicit5

85 965 114 1016 et
136 956 242 1033 lregit;
272 956 427 1016 novissime
448 972 511 1015 curn
531 965 681 1017 senectute
709 959 958 1036 ingravescentem
983 959 1093 1020 viribus

84 1040 170 1099 animi
193 1038 369 1116 sustinebat,
393 1055 457 1099 cum
480 1039 594 1118 quidem
614 1040 792 1102 incredibilis
814 1045 958 1103 cruciatus
978 1053 1009 1103 et
1023 1043 1120 1104 indi-6

83 1124 225 1201 unissima
241 1132 379 1183 tormenta
394 1132 549 1201 pateretur.
571 1123 629 1183 lam
644 1127 719 1184 enim
736 1125 820 1186 dolor
833 1143 895 1201 non¹
908 1126 1031 1206 pedibus
1046 1145 1093 1187 so-

47 1205 130 1284 lolis,
147 1215 181 1266 ut
196 1207 288 1285 prius,
303 1206 444 1268 insidebat
460 1207 512 1268 sed
526 1210 619 1269 omnia
631 1209 757 1269 membra
772 1211 989 1288 pervagabatur.
1017 1210 1091 1272 Veni

82 1290 117 1350 ad
133 1308 202 1351 eum
216 1289 369 1350 Domitiani
386 1291 563 1369 temporibus
582 1294 612 1352 in
633 1292 795 1354 suburbano
817 1295 969 1355 iacentem.
1007 1295 1114 1354 Servii

82 1373 254 1435 ecnbiculc
269 1384 469 1436 recesserunt:
491 1375 614 1437 babebat
628 1376 686 1437 boc
702 1380 800 1455 moris,
816 1380 948 1456 quotiens
959 1379 1094 1450 intrasset
1142 1405 1154 1429 υ

82 1458 198 1519 fidelior
209 1459 332 1526 amicum
348 1460 512 1537 quinetiam
527 1477 609 1538 uror,
627 1479 795 1540 quamquam
816 1463 906 1522 omnis
924 1463 1031 1523 secreti
1047 1480 1093 1523 ca·

82 1544 255 1622 pacissima,
284 1542 504 1620 digrediebatur.
536 1542 714 1605 Circumtulit
735 1545 838 1608 oculos
858 1555 887 1606 et
909 1551 986 1606 ‘cur’
1002 1547 1115 1626 iuquitti

45 1630 142 1688 15‘me
166 1635 253 1706 putas
273 1625 327 1686 bos
348 1636 441 1689 tantos
465 1626 581 1689 dolores
597 1638 654 1688 tarn
673 1629 720 1689 din
741 1627 903 1692 sustinere?
929 1639 960 1691 ut
981 1629 1094 1691 scilicet

70 1711 130 1777 {isti
150 1709 322 1783 latronilvel
343 1728 400 1771 uno
420 1710 466 1771 die
489 1713 651 1791 supersim?
687 1711 828 1777 Dedisses
850 1713 916 1773 buic
936 1715 1028 1774 animo
1043 1732 1095 1794 par
1137 1733 1149 1753 r

84 1812 205 1874 corpus,
224 1794 345 1855 fecisset
364 1793 440 1873 quod
455 1797 579 1874 optabat.
602 1795 702 1856 Adfuit
718 1806 812 1858 tamen
826 1796 898 1858 deus
914 1806 995 1875 voto,
1013 1800 1093 1859 cuius

84 1878 134 1938 ille
150 1895 286 1957 compos,
303 1887 334 1938 ut
349 1880 403 1939 ianr
418 1897 539 1940 securus
557 1878 688 1958 liberque
702 1883 870 1959 moriturus,
887 1880 974 1943 multa
987 1879 1036 1941 illa
1049 1884 1092 1942 vi·
1134 1903 1146 1922 v

84 1971 129 2022 tae
145 1962 201 2024 sed
216 1963 323 2022 minora
339 1963 494 2024 retinacula
509 1964 628 2043 abrupit.
666 1963 831 2027 Increverat
844 1964 986 2043 valitudo,
1009 1969 1115 2044 quami

46 2048 272 2126 retemperantia
282 2047 411 2124 mitigare
423 2049 581 2127 temptavit,
596 2059 831 2126 perseverantem
843 2051 999 2111 constantia
1010 2049 1092 2128 fugit.

85 2129 142 2190 lam
161 2130 227 2192 dies
248 2129 320 2192 alter
339 2133 439 2192 tertius
461 2141 592 2211 quartus:
617 2132 776 2194 abstinebat
795 2133 869 2194 cibo.
905 2131 981 2194 blisit
996 2132 1031 2194 ad
1045 2152 1092 2194 me

85 2233 156 2275 uxor
174 2215 239 2275 eius
258 2213 388 2293 Hispulla
412 2233 588 2276 communem
608 2217 727 2278 amicum
744 2214 776 2276 Ο.
793 2215 949 2277 Geminium
965 2236 1029 2277 cum
1042 2219 1092 2278 tri·

86 2299 215 2360 stissimo
227 2300 342 2377 nmtio,
364 2297 523 2362 destinasse
539 2296 696 2360 Corellium
709 2303 781 2362 mori
794 2320 850 2362 nec
864 2310 913 2362 aut
927 2303 986 2362 suis
1000 2310 1047 2361 aut
1061 2302 1092 2361 li·

85 2381 139 2442 liae
150 2383 290 2461 precibus
301 2382 390 2460 ilecti,
403 2381 496 2444 soluru
508 2402 665 2464 superesse
678 2402 724 2446 me
739 2403 757 2446 a
774 2403 830 2465 quo
846 2387 976 2446 revocari
990 2393 1092 2463 posset

49 2465 120 2526 toad
131 2468 228 2526 vitam.
251 2463 386 2527 Cucurri:
403 2484 591 2545 perveneram
604 2470 632 2528 iu
647 2472 816 2548 proximum,
833 2487 897 2529 oum
911 2468 978 2528 mibi
992 2467 1028 2527 ab
1044 2485 1091 2527 ea·
1101 2477 1133 2528 lo

87 2549 150 2610 dem
174 2548 306 2629 Hispulla
325 2549 413 2611 lulius
433 2551 547 2614 Atticus
568 2553 675 2612 nuntiat
694 2552 764 2612 nibil
783 2554 837 2613 iam
855 2570 895 2611 ne
915 2570 962 2612 me
978 2549 1093 2630 quidem

86 2635 306 2713 inpetraturum:
326 2643 383 2695 tam
395 2635 536 2696 obstinate
551 2638 641 2714 magis
657 2654 692 2696 ac
705 2639 795 2714 magis
809 2635 978 2696 induruisse.
1003 2633 1092 2695 Dixe-

86 2726 127 2778 rat
140 2735 214 2779 sane
227 2717 340 2779 medico
352 2717 514 2780 admoventi
529 2720 623 2780 cibum
637 2717 785 2800 κέκρικα,
801 2737 875 2799 quae
888 2736 948 2780 vox
960 2728 1092 2799 quantum

87 2800 278 2863 admirationis
298 2803 327 2862 in
347 2805 440 2878 anirno
459 2820 525 2865 meo
543 2813 650 2864 tantum
673 2803 807 2866 desiderii
827 2803 950 2882 reliquit.
986 2801 1091 2881 Cogito

52 2894 141 2962 ioque
153 2886 259 2964 amico,
277 2903 334 2964 quo
344 2889 406 2948 viro
420 2904 539 2948 caream.
561 2887 695 2968 Implevit
704 2888 817 2967 quidem
827 2907 928 2950 annum
942 2889 1130 2967 septimnmlt

90 2976 118 3028 et
137 2972 385 3049 sexagensimum,
408 2989 481 3050 quae
505 2981 583 3034 aetas
604 2973 688 3032 etiam
701 2973 907 3034 robustissimis
923 2973 990 3033 satis
1006 2971 1092 3049 longa

91 3060 147 3112 est:
162 3055 237 3113 scio.
255 3052 354 3115 Evasit
364 3064 532 3134 perpetuam
542 3055 738 3117 valitudinem:
754 3058 826 3119 scio.
842 3055 979 3118 Decessit
991 3072 1091 3134 snper·

91 3137 199 3197 stitibns
216 3138 288 3215 suis,
304 3137 425 3200 docente
438 3156 471 3200 re
485 3139 618 3218 publica,
633 3157 707 3220 quae
723 3139 764 3200 illi
779 3141 908 3201 omnibus
925 3141 984 3201 suis
1001 3139 1092 3199 carior

92 3229 161 3280 erat:
178 3230 208 3281 et
219 3220 277 3281 boc
288 3224 360 3282 scio.
376 3221 482 3282 'lamen
493 3233 633 3303 tamqnam
645 3232 675 3284 ct
685 3226 796 3285 iuvenis
810 3233 840 3285 ct
855 3225 1004 3285 firmissimi
1018 3231 1134 3282 mor-12

56 3302 249 3381 totendolem
263 3304 349 3367 doleo
358 3315 463 3385 autem,
475 3306 545 3369 licet
556 3327 602 3368 me
610 3307 775 3368 inbecillum
788 3317 884 3386 putes,
896 3324 961 3368 meo
969 3306 1091 3365 nomine.

94 3385 179 3448 Amisi
199 3389 291 3466 enim,
314 3392 395 3452 amisi
415 3392 491 3452 vitae
511 3409 592 3452 meae
614 3401 719 3454 testem
745 3400 889 3452 rectorem
916 3390 1090 3467 magistrum.

93 3467 123 3528 ln
136 3489 254 3549 summa,
271 3473 363 3534 dicam
377 3473 453 3554 quod
469 3478 579 3536 recenti
592 3475 692 3536 dolore
708 3473 905 3536 contubernali
918 3490 983 3533 meo
998 3469 1092 3532 Calvi·

95 3555 135 3614 sio
149 3556 218 3635 dixi,
234 3561 351 3620 ‘vereor
364 3577 401 3619 ne
418 3558 619 3638 neglegentius
631 3561 745 3618 vivam?
767 3557 888 3619 Proinde
900 3556 1002 3619 adbibe
1018 3555 1093 3617 sola·
1103 3564 1135 3617 13
