2632 4096
6 139 209 314 fs
225 239 288 306 lot
648 239 680 302 c.
703 218 801 303 ιιιιιι

201 394 553 474 ιιιίιςίιιιιίιοιοοιιιιιίἰι.
585 391 623 452 Ut
642 391 691 452 illa
710 393 975 472 patris'eervieibns
995 390 1174 452 inhaerebat!
1196 400 1229 451 nt

224 495 278 540 nos
295 481 401 540 amicos
417 487 553 557 paternos
569 486 599 536 et
614 484 745 540 menter
765 486 795 538 et
815 477 946 538 modesto
967 473 1229 554 complectebatur!

224 572 255 623 ιιι
265 565 403 639 nutrices,
419 572 449 622 ut
463 561 660 640 paedagogos,
676 569 707 620 ut
721 571 927 639 praeceptores
942 577 996 639 pro
1013 575 1067 620 soc
1083 576 1229 638 quemque

225 645 323 706 cilicio
338 644 490 722 diligebat!
501 661 586 723 quam
600 645 740 721 studiose,
757 660 840 722 qnam
854 643 1057 721 intellegenter
1067 641 1230 703 lectitabat.

224 739 255 791 nt
272 747 359 809 parce
374 729 577 806 custoditeque
596 726 726 788 ludebat!
752 727 814 800 Qua
830 727 879 788 ille
895 728 1090 806 temperantia,
1106 743 1161 804 qna
1175 743 1216 804 pa
1240 745 1256 796 t

225 815 340 890 tientia,
367 830 422 890 qua
445 813 529 872 otiam
553 813 713 871 constantia
732 812 913 872 novissimam
934 809 1124 870 valetudinem
1149 807 1231 868 tulit!

201 896 344 960 abediens
356 895 585 973 obsequebatur,
608 911 752 971 sororem,
773 903 883 974 patrem
898 893 1106 969 adhortabatur,
1123 895 1232 971 ipsam-

226 998 282 1058 que
305 998 339 1041 se
358 979 523 1040 destitutam
549 980 680 1057 eorporis
701 978 808 1038 viribus
830 975 935 1057 ‘vigore
955 979 1038 1037 animi
1059 976 1230 1037 sustinebat.

200 1063 343 1127 nunnus
356 1062 403 1124 bic
423 1061 463 1122 illi
484 1080 575 1142 usque
589 1061 624 1122 ad
636 1071 795 1122 extremum
808 1081 865 1122 nec
885 1070 932 1121 ant
948 1063 1041 1138 spatio
1058 1059 1231 1120 valetudinis

225 1155 272 1206 aut
287 1156 363 1208 metu
380 1149 478 1208 mortis
493 1147 630 1207 infractus
645 1155 708 1222 est,
728 1163 786 1224 qno
807 1144 905 1224 plures
922 1147 1127 1222 gravioresque
1142 1143 1229 1203 nobis
1240 1159 1273 1210 lo

198 1241 326 1296 dransae
340 1229 516 1309 relinqueret
531 1239 560 1290 et
571 1229 708 1291 desiderii
718 1238 752 1289 et
766 1229 884 1290 doloris.
908 1227 1028 1288 Otriste
1046 1227 1130 1306 plane
1145 1245 1230 1288 acer·

226 1316 349 1394 b'nmque
364 1314 462 1374 funus!
478 1333 498 1374 o
514 1315 679 1391 morteipsn
692 1315 790 1393 mortis
806 1322 919 1391 tempus
936 1311 1090 1388 indignius!
1110 1313 1164 1370 ianr
1177 1310 1230 1370 de·

224 1400 324 1459 stinate
343 1408 404 1458 erat
420 1399 539 1476 egregio
556 1398 668 1474 iuveni,
690 1398 745 1456 ianr
766 1396 877 1456 alectus
898 1397 1056 1475 nuptiarum
1072 1393 1150 1471 dios,
1173 1395 1230 1454 iam

201 1491 278 1546 dnos
298 1483 403 1542 vocati.
437 1481 522 1554 Quod
543 1481 674 1558 gaudium
693 1497 750 1558 qno
766 1497 896 1541 maerore
916 1487 1050 1538 mutatum
1071 1476 1129 1538 est!
1161 1475 1230 1536 Non

224 1582 342 1644 possum
362 1567 522 1644 exprimere
544 1563 641 1624 verbis
662 1573 794 1643 quantum
814 1564 904 1623 animo
926 1563 1030 1623 vulnus
1049 1561 1270 1639 acceperim,15

225 1665 289 1709 curn
302 1648 396 1712 audivi
414 1647 578 1710 Fundanum
587 1650 699 1726 ipsum,
720 1656 751 1707 ιιι
764 1647 850 1707 multa
865 1647 997 1708 luctuosa
1012 1644 1094 1706 dolor
1107 1647 1230 1722 nveuit,

224 1735 466 1814 praecipientem,
488 1732 565 1812 quod
586 1734 728 1792 investes
749 1732 896 1808 margarita
916 1748 1042 1808 gemmas
1055 1728 1148 1789 inerat
1161 1746 1231 1788 ero·

201 1825 361 1896 ligaturus,
382 1817 439 1878 boc
456 1819 485 1877 in
497 1826 543 1876 tus
560 1826 590 1877 et
608 1823 752 1892 unguenta
765 1823 795 1874 et
809 1815 914 1876 odores
930 1813 1142 1894 inpenderetur.
1173 1811 1231 1872 Est

225 1901 339 1979 quidem
358 1900 409 1961 ille
429 1899 555 1961 eruditus
576 1909 606 1958 et
625 1901 757 1978 sapiens,
780 1899 878 1978 utqui
897 1915 931 1957 se
950 1899 986 1957 ab
1001 1899 1116 1957 ineunte
1131 1904 1230 1956 aetate

223 1983 370 2045 altioribus
386 1985 489 2045 studiis
509 1984 674 2060 artibusque
696 1981 850 2058 dediderit,
871 1981 924 2042 sed
943 1999 1019 2041 nunc
1041 1981 1132 2041 omnia
1152 1993 1270 2057 quaeso

224 2066 310 2126 audiit
324 2085 431 2145 saepe,
448 2085 520 2146 quae
539 2066 609 2126 dixit
622 2074 789 2144 aspernatur
802 2065 989 2144 expulsisque
1002 2063 1154 2124 virtutibus
1164 2063 1231 2124 aliis

200 2153 340 2229 9pietatis
355 2161 400 2211 est
411 2158 498 2210 totus.
521 2148 672 2227 Ignoscas,
684 2149 811 2210 laudabis
825 2151 920 2227 etiarn,
935 2151 959 2210 si
972 2150 1144 2226 cogitaveris
1158 2147 1231 2225 qnid

224 2235 357 2295 amiserit.
390 2234 492 2295 Amisit
507 2238 581 2294 enirn
595 2232 678 2294 liliam
693 2251 764 2313 quae
778 2249 835 2292 non
848 2235 939 2292 minus
956 2248 1051 2293 mores
1067 2234 1128 2292 eins
1144 2249 1230 2310 quanr

225 2335 259 2378 os
275 2318 442 2398 vultumque
457 2317 601 2379 referebat
617 2326 764 2395 totumque
776 2327 888 2396 patrem
901 2317 969 2376 mira
983 2315 1162 2375 similitudine
1178 2333 1230 2374 ex·

182 2414 216 2467 lo
226 2404 390 2482 scripserat.
424 2400 545 2462 Proinde
565 2403 590 2463 si
604 2419 674 2480 quas
690 2400 725 2461 ad
740 2417 804 2460 oum
819 2399 855 2458 de
873 2399 973 2460 dolore
991 2400 1131 2460 taminsto
1149 2398 1269 2462 titre-as

225 2504 272 2546 ras
287 2489 401 2565 mittes,
424 2496 566 2548 memento
581 2485 716 2546 adbibere
731 2483 885 2560 solacium,
907 2501 963 2543 non
976 2483 1056 2562 qnasi
1074 2485 1231 2559 castigato·

225 2572 297 2630 rium
312 2581 342 2632 ot
356 2572 437 2631 nimis
453 2571 543 2648 iorte,
570 2569 623 2632 sed
634 2567 722 2629 molle
738 2577 767 2627 et
781 2566 938 2628 humanum.
970 2564 1053 2639 Quod
1068 2575 1098 2626 ut
1115 2565 1230 2626 lucilius

182 2665 215 2717 11
226 2655 351 2715 admittat
365 2654 481 2714 multum
496 2656 583 2715 faciet
599 2653 683 2714 nrodii
698 2651 835 2729 temporis
852 2652 981 2730 spatium.
1013 2650 1051 2710 Ut
1070 2651 1145 2710 οιιίιιι
1163 2668 1229 2708 eru

225 2737 290 2797 dum
303 2738 395 2800 adbuc
409 2738 511 2798 vulnus
526 2731 697 2799 medentium
710 2752 807 2795 manus
827 2734 1007 2812 reformidat,
1031 2733 1136 2793 deinde
1154 2734 1229 2811 pati·
1309 2739 1310 2792 1

225 2830 270 2880 tur
283 2820 376 2901 adque
390 2822 466 2881 ultro
480 2823 616 2900 requirit,
635 2821 678 2882 sic
692 2836 796 2880 recens
811 2820 893 2878 animi
911 2817 993 2879 dolor
1014 2816 1269 2876 consolationesao
1309 2803 1310 2852 l

224 2905 307 2964 reicit
324 2923 358 2965 ac
376 2905 499 2984 refugit,
520 2904 742 2966 mox-desiderat
757 2910 788 2962 et
804 2902 961 2962 clementer
977 2901 1097 2961 admotis
1111 2900 1228 2979 adquie-
1309 2919 1310 2978 ι

225 2989 288 3049 seit.
319 2987 401 3049 Vale.

725 3120 763 3182 11.

480 3217 506 3270 o.
525 3220 651 3272 aeturus
669 3121 849 3273 slvnnnrn
867 3219 928 3272 sno
945 3219 971 3270 s.
1233 3245 1267 3300 3,

201 3337 217 3390 1
287 3325 356 3387 Scio
371 3334 474 3404 quanto
490 3343 580 3405 opere
596 3326 677 3386 bonis
694 3326 801 3387 ortibus
816 3325 931 3401 faueas,
947 3331 1079 3402 quantum
1092 3319 1228 3398 gaudium

226 3411 340 3489 capias,
361 3411 386 3468 si
407 3408 520 3470 nobiles
542 3410 662 3470 iuvenes
682 3409 796 3486 dignun
817 3408 923 3487 aliquid
943 3405 1096 3466 maioribus
1110 3406 1170 3466 suis
1185 3403 1226 3466 ia·
1309 3385 1310 3424 ¹

225 3493 314 3553 ciant:
335 3509 393 3570 qno
409 3493 586 3554 festinantius
599 3494 696 3553 nuntio
710 3494 761 3555 tibi
778 3493 869 3554 luisse
884 3509 930 3553 nro
944 3490 1029 3552 bodie
1043 3490 1072 3548 in
1086 3488 1226 3550 auditorio
