2616 4096
228 289 291 354 186
657 291 690 352 (l.
712 291 809 354 PLlNl

699 443 763 505 XX.

493 541 520 596 o.
540 541 664 594 numius
677 541 846 594 usuarotu
861 543 922 596 suo
938 543 965 595 o.

204 670 218 722 1
290 657 348 719 Tua
367 678 438 721 vero
466 660 591 738 epistula
613 671 690 720 tanto
711 661 778 720 mibi
800 663 950 723 iucundior
967 664 1019 725 luit
1046 674 1152 744 quanto
1172 665 1226 724 lou·

227 743 293 820 gior
310 750 388 821 erat,
415 746 584 822 pracsertim
607 761 671 804 cum
691 742 727 803 de
747 743 854 805 libellis
875 749 946 806 meis
967 756 1027 808 tota
1050 747 1226 826 loqueretur;

228 843 300 904 quos
315 826 366 886 tibi
378 827 516 905 voluptati
533 845 599 887 esse
617 846 674 887 non
687 829 789 904 miror,
807 847 872 888 cum
892 833 983 891 omnia
1000 841 1099 891 nostra
1114 832 1245 910 perindei

199 919 259 971 tac
273 926 326 968 nos
342 926 430 970 ames.
453 909 521 988 lpse
540 928 604 971 cum
624 913 743 970 maxime
764 911 936 990 vindemias,
962 913 1087 992 graciles
1108 915 1226 994 quidem,
1289 975 1290 992 ,

226 992 377 1052 uberiores
391 1003 485 1054 tamen
500 1011 582 1072 quam
597 1004 834 1073 expectaueram,
853 996 974 1073 colligo;
992 999 1017 1059 si
1031 997 1173 1076 colligere
1188 1008 1227 1058 est

225 1092 447 1154 nonnumquam
463 1077 622 1155 decerpere
637 1095 736 1155 uvam,
759 1079 901 1140 torculum
914 1082 1057 1159 invisere,
1079 1081 1226 1160 degustare

227 1157 262 1219 de
278 1157 342 1218 lacu
357 1168 495 1238 mustum,
510 1161 652 1240 obrepere
668 1161 799 1240 urbanis,
819 1163 867 1241 qui
881 1181 955 1224 nuno
969 1167 1085 1226 rusticis
1099 1174 1227 1244 praesum

225 1259 330 1320 meque
347 1246 463 1305 notariis
479 1254 508 1305 et
524 1243 681 1305 lectoribus
697 1243 881 1324 reliquerunt.
913 1245 994 1306 Vale.
1235 1251 1256 1301 lt

481 1487 508 1542 G.
526 1487 651 1538 PLINIUS
670 1393 847 1541 SffiIANO
867 1489 928 1541 SUO
948 1490 975 1540 S.

201 1601 215 1653 l
288 1588 417 1650 Libertus
435 1599 516 1668 tuus,
536 1593 582 1651 cui
597 1609 770 1653 suscensere
785 1602 814 1653 te
829 1593 958 1670 dixeras,
975 1593 1055 1652 uenit
1070 1591 1105 1650 ad
1123 1609 1170 1651 me
1184 1591 1226 1650 ad·

225 1673 399 1752 volatusque
416 1675 537 1754 pedibus
554 1677 627 1736 meis
642 1685 781 1754 tamquam
796 1678 851 1737 tuis
866 1676 966 1736 haesit.
997 1674 1090 1735 Flevit
1101 1675 1225 1752 multum,
1233 1687 1256 1738 15

225 1756 341 1817 multum
358 1759 480 1838 rogavit,
495 1759 612 1819 multum
628 1763 711 1820 etiam
725 1761 828 1836 mouit,
844 1761 872 1819 in
887 1776 1011 1835 summa,
1033 1758 1104 1818 iecit
1120 1759 1187 1818 mibi
1199 1759 1225 1819 fi-

226 1841 290 1901 dem
305 1845 506 1920 paenitentiae.
534 1843 612 1904 Vere
629 1842 716 1904 credo
732 1843 925 1920 emendatum,
948 1843 1012 1920 quia
1027 1841 1184 1920 deliquisse
1197 1860 1225 1902 ae

199 1927 320 1986 usentit.
340 1922 488 2002 Irasceris,
505 1927 578 2002 scio,
595 1934 624 1985 et
641 1926 774 1987 irasceris
786 1928 897 2001 merito,
914 1926 942 1986 id
957 1943 1071 2004 quoque
1085 1929 1166 1987 scio:
1179 1925 1226 1984 sed

224 2015 291 2066 tunc
307 2011 460 2086 praecipua
475 2010 696 2072 mansuetudinis
717 2010 796 2088 laus,
820 2027 884 2071 cum
903 2011 962 2069 irae
978 2027 1062 2070 causa
1077 2010 1226 2069 iustissima

199 2098 278 2150 test.
295 2089 403 2151 Amasti
418 2092 560 2151 hominem
574 2103 614 2168 et,
626 2111 725 2172 spero,
742 2094 847 2154 amabis
858 2115 864 2152 :
877 2094 988 2153 interim
999 2092 1105 2153 suflicit
1115 2102 1148 2153 ut
1163 2098 1258 2152 exo-tt

225 2173 279 2232 rari
293 2180 321 2232 te
337 2175 422 2235 sinas.
449 2173 559 2236 licebit
573 2195 670 2238 rursus
682 2178 783 2255 irasci,
799 2179 823 2238 si
838 2178 987 2253 meruerit,
1005 2176 1081 2254 quod
1096 2186 1226 2237 exoratus

225 2259 386 2318 excusatius
398 2257 498 2320 iacies.
519 2258 642 2321 Remitte
657 2260 762 2338 aliquid
775 2260 988 2321 adulescentiae
1004 2262 1104 2338 ipsius,
1116 2262 1225 2320 remitte

226 2339 366 2418 lacrimis,
388 2344 500 2403 remitte
515 2343 705 2420 indulgentiae
721 2353 800 2404 tuae:
820 2363 857 2403 ne
873 2345 993 2404 torseris
1008 2342 1103 2420 illum,
1119 2363 1158 2404 ne
1172 2354 1225 2404 tor·

198 2426 298 2485 aseris
315 2427 398 2486 etiam
412 2435 451 2486 te.
470 2425 624 2507 Torqueris
641 2430 731 2505 enim,
755 2446 818 2487 cum
840 2437 894 2486 tam
908 2426 983 2487 lenis
997 2429 1141 2487 irasceris.
1172 2425 1225 2486 l'e·

224 2527 291 2568 reor
304 2527 340 2569 ne
358 2509 456 2569 videar
469 2526 526 2569 non
539 2527 643 2587 rogare
657 2511 709 2571 sed
725 2528 850 2588 cogere,
871 2512 896 2570 si
917 2510 1052 2589 precibus
1067 2513 1129 2571 eius
1149 2516 1258 2571 meato

223 2593 351 2652 iunxero.
372 2591 489 2670 Iungam
503 2604 597 2655 tamen
612 2603 689 2654 tanto
700 2594 811 2672 plenius
827 2603 856 2655 et
871 2593 999 2670 effusius,
1015 2604 1119 2674 quanto
1135 2596 1224 2674 ipsum
1291 2609 1292 2694 p

225 2677 318 2735 acrius
337 2679 526 2757 severiusque
547 2679 688 2756 corripui,
712 2677 850 2740 destricte
869 2677 991 2738 minatus
1012 2695 1162 2753 numquam
1181 2694 1224 2735 me
1291 2711 1292 2722 2

225 2767 328 2834 postea
341 2770 513 2835 rogaturum.
544 2760 607 2822 Hoc
629 2760 687 2840 illi,
704 2779 788 2839 quem
804 2762 907 2821 terreri
921 2761 1089 2841 oportebat,
1105 2762 1157 2821 tibi
1171 2779 1224 2820 nou

224 2840 308 2899 idem.
327 2840 397 2900 Nam
408 2842 530 2903 iortasse
542 2847 643 2904 iterum
654 2846 775 2924 rogabo,
790 2844 949 2923 impetrabo
962 2845 1079 2904 iterum:
1094 2847 1132 2907 sit
1142 2843 1224 2904 modo

222 2921 279 2982 tale
294 2932 325 2982 ut
338 2941 441 3001 rogare
456 2942 513 3004 me,
530 2936 560 2987 ut
574 2938 720 3007 praestare
737 2937 765 2988 te
781 2928 892 2990 deceat.
925 2926 1006 2988 Vale¹
1230 2939 1258 2990 tt

501 3170 528 3220 C.
546 3073 818 3224 PblNldsyzsldlldPRO
838 3173 899 3225 SUO
917 3174 944 3224 S.
1012 3168 1015 3172 ’

198 3282 213 3333 1
282 3269 383 3347 Magna
396 3288 442 3331 me
457 3271 647 3334 sollicitudine
662 3273 769 3334 adiecit
783 3274 919 3335 Passenni
938 3274 1028 3335 Paulli
1044 3274 1179 3352 valitudo,
1195 3279 1222 3331 et

223 3354 336 3434 quidem
351 3353 477 3430 plurimis
490 3356 709 3436 iustissimisque
725 3357 762 3418 de
777 3361 881 3420 causis.
900 3357 951 3417 Vir
962 3367 1008 3420 est
1023 3360 1157 3435 optimus,
1172 3356 1255 3418 tro-at

221 3439 416 3513 nestissimus,
433 3439 522 3499 nostri
537 3442 756 3509 amantissimusz
778 3450 928 3520 praeterea
949 3443 978 3500 in
992 3441 1094 3502 litteris
1108 3452 1222 3502 veteres

222 3518 387 3596 aemulatur,
406 3523 548 3598 exprimit,
563 3521 666 3599 reddit,
679 3521 858 3600 Propertium
867 3525 897 3583 in
909 3526 1016 3603 primis,
1036 3542 1121 3604 aquo
1132 3541 1220 3603 penus
