2616 4096
287 297 550 362 urlsruhnltuli
575 309 713 364 rr.-ar.
728 301 894 382 [re-32]
1024 303 1086 372 2⁰5

94 456 119 516 in
132 457 202 517 omni
217 457 363 537 provincia
378 459 557 520 inveniuntur
571 460 674 538 quibus
692 460 771 521 credi
783 461 886 539 possit,
905 468 934 521 et
947 459 1014 521 ideo
1031 479 1087 522 nou

95 539 205 601 deerunt
219 541 280 620 tihi,
296 541 381 602 modo
396 543 469 604 velis
484 543 638 622 diligenter
655 553 801 606 excutere.

458 677 576 738 xvnn.
599 677 712 756 [xxxa

72 815 86 867 5
303 775 329 826 Ο.
348 775 474 828 PLINIUS
491 777 638 829 TRAIANO
656 777 863 831 IMPERATORI.

147 879 246 957 Rogo,
268 879 397 958 domine,
417 880 538 941 consilio
557 898 603 940 me
623 897 708 958 regas
729 879 915 942 haesitantem
929 891 1021 944 utrum
1036 899 1112 962 per1

92 961 215 1041 publicos
230 965 374 1023 civitatum
394 979 514 1042 servos,
531 963 608 1042 quod
622 982 715 1045 usque
730 962 823 1025 adhue
841 964 963 1044 lactum,
985 985 1021 1028 an
1034 986 1088 1048 per

91 1045 187 1106 milites
207 1046 359 1108 adservare
378 1048 522 1110 custodias
546 1047 675 1109 debeam.
703 1048 816 1109 Vereor
836 1051 910 1110 enim
931 1069 967 1111 ne
990 1060 1019 1112 et
1034 1069 1088 1131 per

92 1147 185 1191 servos
207 1129 340 1209 publicos
362 1149 460 1211 parum
480 1130 604 1192 lideliter
625 1131 819 1193 custodiantur
839 1141 869 1193 et
881 1152 938 1194 non
953 1137 1088 1212 exiguum

58 1215 201 1278 lumilitum
215 1233 361 1276 nnmerum
376 1216 449 1278 lraec
466 1234 532 1276 cura
545 1215 702 1294 distringat.
724 1215 840 1277 Interim
855 1217 979 1295 publicis
994 1223 1114 1285 serrisu

92 1315 191 1376 paucos
204 1300 309 1360 milites
320 1298 423 1359 addidi.
444 1299 536 1360 Video
552 1310 645 1360 tamen
658 1299 816 1378 periculum
829 1319 896 1362 esse
908 1320 945 1362 ne
957 1302 1088 1382 idipsum

91 1384 210 1463 utrisque
222 1382 425 1462 neglegentiae
442 1402 527 1445 causa
541 1385 592 1460 sit,
615 1383 680 1443 dum
699 1401 875 1445 communem
891 1384 1003 1466 culpam
1018 1387 1047 1447 hi
1060 1389 1089 1448 in

91 1465 161 1544 illos,
178 1467 218 1528 illi
231 1469 260 1527 in
275 1467 328 1528 hos
343 1485 481 1546 regerere
497 1483 588 1546 posse·
602 1467 755 1529 confidunt.

483 1603 547 1664 xx.
571 1601 698 1682 [xxxa]

420 1702 584 1754 TRAIANUS
599 1702 707 1754 PLINIO
726 1700 751 1752 S.
832 1740 836 1747 .

147 1803 222 1864 Nihil
243 1821 318 1884 opus
333 1814 389 1884 est,
405 1807 442 1865 mi
458 1805 591 1867 Secunde
608 1805 770 1881 carissime,
786 1802 821 1864 ad
837 1803 1021 1866 continendas
1040 1823 1089 1865 cu·

92 1887 190 1950 stodins
217 1889 317 1968 plures
342 1891 551 1952 commilitones
577 1890 716 1950 converti.
757 1887 979 1949 Perseveremus
1001 1891 1029 1949 in
1055 1907 1089 1950 ea

92 1973 291 2034 consuetudine
306 1991 379 2052 quae
395 1976 443 2034 isti
458 1975 622 2054 provinciae
637 1981 697 2050 est,
720 1980 751 2031 ut
772 1991 825 2052 per
838 1971 973 2051 publicos
987 1990 1089 2034 servos

58 2056 288 2119 neustodiantur.
321 2057 435 2118 Etenim
449 2066 479 2118 ut
499 2057 622 2120 fideliter
640 2056 697 2118 lroc
713 2057 816 2116 iaciant
828 2057 857 2115 in
872 2065 920 2117 tua
935 2058 1089 2118 severitate

91 2155 121 2201 oc
135 2141 280 2221 diligentia
293 2145 416 2221 positum
430 2151 485 2202 est.
507 2141 539 2202 ln
555 2142 653 2219 primis
665 2141 749 2218 enim,
767 2141 842 2202 sicut
856 2141 971 2219 scribis,
986 2160 1089 2202 veren-

92 2224 210 2288 domest
229 2245 284 2303 ne,
307 2229 331 2289 si
350 2227 575 2305 permisceantur
594 2227 685 2286 servis
710 2223 834 2302 puhlicis
854 2223 975 2303 milites,
997 2232 1090 2284 mutua

91 2309 158 2370 inter
171 2329 205 2372 se
220 2311 323 2372 fiducia
333 2310 567 2389 neglegentiores
583 2311 656 2371 sint:
670 2308 765 2369 sedet
780 2307 850 2368 illud
864 2307 980 2370 haereat
995 2309 1089 2384 nohis,

92 2410 167 2472 quam
180 2397 374 2476 paucissimos
388 2395 492 2456 milites
507 2395 626 2472 asignis
639 2391 800 2454 avocandos
818 2410 897 2452 esse.

468 2527 545 2590 xxi.
570 2524 713 2608 {xxxrrp

307 2627 333 2678 G.
352 2625 478 2680 PLINIUS
495 2625 639 2678 TRAIANO
656 2625 868 2681 IMPERATORI.

146 2727 251 2791 Gabios
265 2729 383 2808 Bassus,
398 2730 563 2810 praelectus
575 2747 641 2790 orae
653 2730 800 2807 Ponticae,
817 2737 846 2791 et
857 2729 1090 2790 reverentissime

92 2813 361 2892 deliciosissime,
378 2813 508 2891 domine,
524 2815 603 2874 veuit
616 2814 650 2874 nd
665 2834 711 2877 me
734 2823 764 2875 et
785 2814 971 2894 conpluribus
989 2814 1091 2875 diebus

58 2895 278 2970 nuntiassem
300 2908 432 2978 quantum
445 2901 616 2979 perspicere
632 2901 731 2978 potui,
745 2901 789 2961 rir
804 2901 941 2978 egregius
958 2907 988 2960 et
1001 2897 1092 2959 indul·

91 2983 180 3057 gentle
193 2995 244 3046 tna
261 2984 373 3063 dignus.
405 2981 458 3043 Cui
478 3001 535 3062 ego
552 2992 648 3044 notum
668 2985 728 3046 ieci
750 2986 938 3064 praecepisse
959 2992 988 3044 te
1008 2992 1039 3042 ut
1056 2999 1092 3042 ex

93 3064 252 3130 cohortibus
269 3069 371 3147 quibus
385 3085 430 3126 me
449 3085 589 3147 praeesse
607 3067 723 3130 voluisti
741 3077 891 3130 contentus
909 3075 989 3128 esset
1004 3067 1090 3126 bene·

92 3146 199 3212 iciariis
213 3152 331 3229 decem,
348 3153 491 3231 equitibus
507 3153 634 3231 duobus,
657 3155 824 3214 centurione
836 3169 901 3211 uno.
932 3147 1092 3229 Respondit

91 3247 143 3293 non
161 3237 298 3297 sulficere
324 3237 378 3297 sibi
403 3237 477 3297 hune
505 3255 650 3298 numerum
670 3237 756 3316 idque
780 3256 812 3297 se
834 3237 1005 3314 scripturum
1030 3233 1092 3293 tihi.

57 3311 149 3378 35lloc
164 3321 192 3379 in
208 3337 293 3382 causa
311 3321 362 3381 iuit
383 3338 440 3399 qno
459 3323 550 3383 minus
570 3323 665 3384 statim
680 3319 858 3382 revocandos
876 3327 1005 3398 putarem
1018 3333 1091 3396 quos

93 3397 273 3484 hocsemii
289 3422 445 3468 numerum.

58 1648 84 1700 15

22 2503 23 2508 ¹
58 2481 84 2535 ²5
