2632 4102
392 287 657 350 EPISTULARUM
671 287 695 349 l.
717 298 758 352 13.
777 299 820 352 ll.
1069 287 1109 354 13

107 441 173 501 ham
187 457 277 500 msam
298 439 541 501 exhortationibus
557 439 678 520 foverit,
705 443 807 522 quibus
828 444 912 503 etiam
928 440 1058 502 laudibus
1079 452 1109 503 ut

106 522 259 586 laudandus
276 523 390 585 uiderer
406 525 546 586 effecerit.
579 523 657 585 Nihil
671 535 717 586 est
732 525 808 604 quod
825 542 841 585 a
857 534 886 586 te
902 526 1025 586 mandari
1041 525 1132 589 mihin

107 617 154 667 aut
165 610 254 670 maius
270 618 317 669 aut
330 610 449 688 gratius,
464 606 532 668 nihil
545 609 621 687 quod
635 609 783 670 honestius
797 627 813 669 a
826 627 873 669 me
890 611 999 687 suscipi
1016 612 1110 688 possit

107 708 188 769 quam
202 701 233 752 ut
248 691 352 770 eligam
363 693 496 752 iuvenem
506 709 544 752 ex
555 709 611 771 quo
626 694 705 754 nasci
715 703 838 771 nepotes
848 691 975 752 Aruleno
988 691 1109 754 Rustico

85 775 219 836 bdeccat.
254 773 310 848 Qui
327 775 441 854 quidem
461 773 508 834 diu
528 776 707 854 quaerendus
727 777 847 854 fuisset,
876 777 929 837 nisi
945 785 1059 855 paratus
1080 786 1135 841 ct3

106 861 186 938 quasi
197 861 331 939 provisus
348 869 428 920 osset
441 857 573 920 turnicius
587 859 750 938 Acilianos,
773 861 820 939 qni
839 879 883 920 me
898 869 928 920 ut
941 861 1052 921 iuvenis
1066 863 1109 920 iu-

104 960 210 1004 venem
232 943 292 1021 (est
313 944 387 1001 enim
405 944 497 1002 minor
517 942 647 1022 pauculis
662 946 757 1026 annis)
773 943 989 1004 familiarissimo
1005 942 1107 1023 diligit,

104 1036 256 1088 reveretur
269 1036 300 1087 ut
316 1045 423 1086 senem.
459 1025 531 1087 Nam
549 1028 588 1087 ita
601 1028 715 1087 formari
730 1047 746 1088 a
760 1046 805 1088 mc
820 1037 849 1088 et
864 1029 971 1089 institui
986 1030 1064 1107 cupit
1079 1039 1109 1088 ut

104 1127 161 1187 ego
176 1129 194 1170 a
207 1111 292 1171 robis
307 1108 444 1172 solebam.
467 1109 557 1171 l’atria
572 1120 617 1171 cst
631 1113 659 1171 ei
675 1110 769 1172 Brixia
784 1130 823 1172 ex
834 1111 883 1171 illa
902 1122 999 1173 nostra
1014 1111 1133 1190 ltalia,4

68 1200 177 1272 idquae
194 1193 314 1255 multum
332 1193 425 1256 adhuc
440 1193 650 1273 verecundiae,
672 1195 841 1273 frugalitatis
861 1205 946 1273 atque
964 1198 1049 1255 ctiam
1062 1215 1108 1255 rn-

104 1279 237 1340 sticitatis
252 1279 383 1356 antiquae
399 1280 504 1340 retinet
517 1297 552 1339 ac
570 1287 677 1338 servat.
708 1278 792 1339 Pater
806 1277 937 1340 Minicius
952 1277 1130 1359 llacrinus,5

105 1363 251 1441 equestris
272 1361 378 1422 ordinis
392 1365 547 1441 princeps,
570 1364 634 1441 quia
654 1361 722 1422 nihil
745 1362 829 1424 altius
844 1361 949 1422 voluit:
977 1361 1107 1424 adlectus

104 1447 179 1506 enim
193 1464 212 1505 a
226 1446 291 1507 divo
301 1445 481 1524 Vespasiano
494 1447 568 1506 inter
577 1449 737 1524 praetorios
747 1446 897 1510 honestam
907 1447 1032 1526 quietem
1043 1445 1109 1508 huc
1136 1484 1139 1492 =

104 1539 221 1590 nostrae
236 1529 380 1591 ambitioni
400 1529 492 1590 dicam
511 1548 546 1590 an
567 1529 693 1608 dignitati
717 1532 945 1594 constantissime
966 1529 1108 1610 praetulit.

66 1612 198 1676 lbllabct
219 1615 307 1673 ariam
328 1624 481 1675 maternam
501 1615 650 1676 Serranam
665 1613 812 1675 Proculam
828 1635 845 1676 c
861 1617 1014 1693 municipio
1030 1615 1132 1678 Pata-6

102 1700 180 1757 vino.
206 1695 288 1759 Nosti
301 1697 359 1758 loci
373 1715 483 1758 mores:
499 1698 619 1758 Serrana
633 1708 728 1760 tamen
740 1698 881 1760 Patavinis
895 1716 1009 1777 quoque
1025 1719 1109 1761 sevc-

104 1783 195 1842 uitatis
211 1780 373 1861 exemplum
387 1792 443 1845 cst.
465 1779 591 1860 Contigit
605 1792 635 1843 ct
649 1782 806 1844 avunculus
818 1784 846 1843 ei
860 1782 890 1842 P.
906 1781 1028 1860 Acilius,
1045 1802 1109 1862 gra·

104 1867 192 1926 ritate
213 1865 361 1945 prudentia
384 1866 439 1928 lide
459 1884 552 1946 prope
572 1866 718 1944 singulari.
747 1865 779 1926 ln
792 1884 914 1943 summa,
929 1865 998 1926 nihil
1012 1869 1067 1928 crit
1080 1869 1108 1927 in

106 1949 192 2010 domo
212 1958 272 2010 totu
293 1948 369 2028 quod
388 1967 445 2009 non
468 1950 519 2012 tibi
539 1959 679 2029 tamquam
701 1952 730 2011 in
752 1961 800 2012 tua
819 1949 944 2030 placeat.
976 1949 1132 2012 Acilianoi

66 2045 174 2098 tenero
190 2035 247 2113 ipsi
262 2032 411 2112 plurimum
427 2035 535 2112 vigoris
556 2034 727 2114 industriae,
754 2052 923 2114 quamquam
942 2035 971 2093 in
990 2036 1109 2096 maxima

105 2117 290 2179 verecundia.
327 2116 515 2191 Quaesturam
535 2119 704 2180 tribunatum
722 2129 883 2199 praetensa
907 2117 1108 2180 honestissime

104 2201 975 2366 difficillimi?ntttltmtttltfflttl
990 2213 1133 2365 :this

106 2379 152 2430 est
170 2372 295 2449 ingenua
315 2371 402 2432 totius
424 2373 554 2451 corporis
574 2370 756 2450 pulchritudo
773 2381 803 2433 et
823 2370 934 2450 quidam
948 2372 1107 2432 senatorius

68 2453 206 2521 dedecor.
230 2453 311 2527 Quae
326 2471 384 2532 ego
397 2471 575 2536 nequaqnam
586 2456 709 2516 arbitror
721 2453 918 2534 neglegenda:
934 2453 1021 2515 debet
1034 2455 1110 2514 enim

106 2538 162 2600 hoc
169 2540 294 2601 easdmti
308 2537 466 2618 puellarum
478 2541 559 2618 qnasi
567 2542 722 2619 praemium
733 2540 801 2600 dari.
822 2537 930 2600 Nescio
942 2554 978 2597 an
989 2536 1132 2600 adiciam9

107 2641 175 2684 esse
191 2625 264 2702 patri
278 2624 340 2684 eius
354 2622 462 2702 amplas
477 2622 639 2684 facultates.
660 2623 732 2684 Nam
743 2641 807 2684 cum
822 2624 961 2699 imaginor
974 2638 1028 2683 ros
1048 2623 1111 2701 qui·

107 2706 159 2769 bus
173 2708 338 2786 quaerimus
353 2725 508 2786 generum,
529 2707 670 2770 silendum
686 2708 723 2769 dc
737 2706 918 2768 facultatibus
932 2715 1019 2784 puto:
1046 2724 1111 2766 cnm

106 2790 240 2869 publicos
251 2807 350 2853 mores
361 2801 447 2872 atque
463 2794 548 2854 etiam
561 2792 646 2870 leges
659 2793 780 2854 civitatis
797 2794 921 2868 intueor,
935 2808 1007 2869 qnae
1022 2789 1071 2852 vel
1082 2790 1111 2850 in

70 2877 203 2955 deprimis
218 2894 324 2937 consus
340 2875 487 2938 horminum
500 2877 674 2956 spectandos
691 2877 876 2954 arbitrantur,
897 2893 934 2935 ne
954 2876 982 2935 id
997 2874 1111 2953 qudem

106 2959 344 3038 praetereundum
360 2959 482 3022 videtm.
516 2959 554 3022 Et
570 2980 639 3023 sane
660 2960 697 3022 de
717 2963 843 3041 posteris
865 2959 959 3020 ethis
981 2957 1110 3039 pluribus

109 3046 244 3189 hilii
263 3043 447 3192 botibe
456 3041 1153 3209 htiditllhldhtltltillut10

108 3212 160 3272 ista
170 3231 254 3293 qnam
269 3231 319 3274 res
332 3214 438 3292 patitur
450 3213 611 3276 sustulisse.
648 3214 687 3276 At
702 3231 759 3292 ago
776 3213 831 3274 iids
845 3229 909 3274 mea
922 3210 1053 3291 spondeo
1066 3208 1110 3269 iu·

70 3301 197 3362 aaaron
211 3306 243 3357 ut
259 3298 352 3357 omnia
371 3297 459 3376 longe
479 3298 615 3378 ampliora
629 3317 712 3380 quam
726 3317 742 3360 a
758 3316 804 3359 mc
818 3295 1017 3377 praedicantur
1029 3293 1110 3353 inve·

110 3381 176 3442 uias.
197 3380 296 3460 Diligo
307 3382 422 3461 ¹quidem
432 3382 647 3445 adolescentem
658 3383 866 3457 ardentissime,
883 3380 957 3440 sicut
970 3386 1110 3446 meretum

110 3463 160 3524 ssd
173 3465 230 3526 hoc
244 3468 338 3546 ipsum
353 3469 470 3528 amantis
484 3477 541 3545 est,
556 3485 612 3529 non
628 3484 746 3532 onerans
762 3484 826 3527 eum
839 3462 980 3524 laudibus.
1010 3459 1091 3522 Vale.
