2632 4096
209 247 271 328 uso
634 262 667 324 c.
691 262 788 324 uum

209 419 351 478 sinistrum
372 417 518 478 brachium
544 415 701 477 firmissimo
722 433 811 495 opere
837 417 972 477 munitum
993 427 1053 496 est,
1083 419 1214 480 dextrum

170 511 201 566 16
211 501 381 562 elaboratur.
414 501 446 561 ln
460 518 511 562 ore
526 507 625 580 portus
637 499 728 560 insula
742 499 885 577 adsurgit,
907 519 981 580 quac
996 502 1112 564 inlatum
1126 515 1213 566 ventu

209 603 286 646 marc
309 587 443 646 obiacens
460 585 569 663 frangat
589 591 735 663 tutumque
755 583 790 643 ab
811 593 932 663 utroque
954 585 1044 646 latere
1060 581 1214 649 decursum

209 670 328 728 naribus
349 677 492 748 praestet,
516 667 642 745 adsurgit
661 677 754 727 autern
768 677 827 727 arte
842 667 974 730 visenda:
1001 671 1128 749 ingentia
1143 691 1214 732 saxa

210 753 344 814 latissima
364 753 443 811 navis
464 751 611 830 provebit:
635 759 732 810 coutra
754 751 825 811 baec
845 750 898 811 alia
918 770 1008 830 super
1028 753 1083 814 alia
1099 755 1236 823 deiectas

166 855 167 860 ¹
208 839 275 916 ipso
290 834 418 915 pondere
434 843 546 894 manent
560 852 595 894 ac
610 836 716 894 sensim
731 835 852 913 quodam
863 833 941 896 velut
956 854 1066 915 aggere
1082 849 1214 899 constru-

170 931 200 987 17
210 930 301 979 untur.
339 917 451 976 Eminet
471 919 525 977 ianr
552 927 582 978 et
609 929 727 997 apparet
749 935 865 979 saxeum
887 918 1002 980 dorsum
1022 923 1215 1002 inpactosque

210 1003 312 1063 lluctus
327 1003 355 1061 iu
370 1002 526 1063 inmensum
542 1001 622 1062 elidit
636 1011 665 1062 ct
680 1001 763 1063 tollit.
791 1001 894 1062 Vastus
910 1002 971 1064 illic
987 1004 1084 1084 lragor
1098 1023 1214 1066 cauum·

210 1103 266 1165 que
286 1086 363 1146 eirca
385 1103 473 1145 mare.
506 1085 587 1145 Saxis
608 1084 710 1146 deinde
724 1085 801 1165 pilae
821 1085 996 1166 adicientur,
1018 1107 1091 1167 quac
1106 1107 1213 1168 proce·

208 1169 293 1230 dente
315 1179 444 1248 tempore
466 1177 574 1229 enatam
595 1169 713 1231 insulam
733 1171 883 1229 imitentur.
911 1169 1035 1232 Habebit
1049 1173 1095 1232 hic
1110 1183 1213 1251 portus
1223 1183 1254 1234 lo

209 1264 238 1315 et
259 1256 315 1314 iam
335 1253 421 1313 babet
441 1271 544 1313 nomen
566 1255 690 1314 auctoris
712 1254 822 1331 eritque
847 1252 896 1312 vel
924 1261 1045 1316 maxime
1070 1256 1212 1320 salutaris.

207 1337 279 1399 Nam
293 1355 347 1416 per
363 1336 557 1414 longissimum
577 1339 697 1415 spatium
715 1336 781 1398 litus
796 1337 992 1415 inportuosum
1006 1339 1064 1400 hoc
1078 1351 1214 1420 recepta·

209 1421 274 1483 culo
288 1429 390 1482 utetur.
421 1420 501 1481 Vale.

451 1652 479 1708 (l.
495 1652 621 1706 PLINIUS
638 1553 846 1713 fflldllo
863 1653 924 1706 SUO
940 1653 966 1705 S.

183 1769 199 1821 1
271 1758 405 1832 Quamuis
422 1759 529 1836 etipse
545 1758 585 1816 sis
602 1757 858 1818 continentissimus
879 1765 909 1817 et
930 1757 1012 1817 liliam
1026 1766 1101 1818 tuam
1115 1759 1154 1819 ita
1170 1759 1213 1818 iu·

207 1843 332 1903 stitueris
347 1851 383 1902 ut·
390 1841 511 1902 decebat
527 1849 600 1899 tuam
613 1839 713 1918 liliam,
735 1838 820 1900 Tutili
833 1851 966 1920 neptem,
988 1858 1051 1900 curn
1065 1851 1159 1902 tamen
1176 1844 1214 1903 sit

207 1934 326 2002 nuptura
341 1925 542 1985 honestissimo
556 1923 631 2001 uiro,
648 1922 741 1984 Nonio
757 1923 864 2001 Celeri,
881 1926 926 1984 cui
940 1926 1012 1985 ratio
1029 1924 1154 1985 civilium
1167 1925 1212 1985 oi·

208 2008 335 2067 liciorum
353 2009 556 2068 necessitatem
574 2006 711 2084 quandam
731 2009 830 2068 nitoris
847 2010 971 2089 inponit,
997 2007 1085 2068 debet
1105 2025 1254 2078 secun-uo

207 2090 272 2149 dum
291 2090 480 2150 conditionem
502 2091 591 2149 mariti
613 2099 696 2150 veste
725 2094 859 2152 comitatu
882 2093 997 2170 augeri;
1030 2092 1132 2169 quibus
1152 2110 1213 2153 nou

181 2174 319 2254 equidem
334 2177 454 2252 augetur
468 2173 598 2250 dignitas,
616 2183 730 2234 cruatur
743 2183 834 2235 tamen
850 2184 879 2235 et
892 2177 1045 2236 instruitur.
1065 2174 1107 2234 'l'c
1122 2193 1213 2254 porro

207 2260 299 2319 animo
316 2258 519 2334 beatissimum,
536 2258 676 2318 modicum
691 2259 872 2320 facultatibus
887 2261 958 2319 scio.
987 2258 1086 2337 ltaque
1098 2268 1213 2336 partem

208 2344 303 2404 oneris
319 2345 358 2403 tui
379 2342 445 2402 mibi
459 2340 591 2418 vindico,
614 2351 643 2403 et
661 2350 800 2421 tamquam
819 2359 923 2420 pareus
938 2342 1010 2404 alter
1024 2341 1139 2422 puellae
1157 2359 1212 2403 uo·

207 2436 283 2489 strae
312 2427 429 2487 conicro
452 2427 652 2503 quinquaginta
672 2426 749 2486 milia
769 2443 924 2503 nummum,
950 2426 1015 2505 plus
1041 2426 1252 2504 collaturus,25

205 2513 259 2572 uisi
280 2529 297 2570 a
318 2509 491 2572 vererundia
513 2518 559 2568 tua
579 2507 641 2568 sola
661 2509 857 2570 mediocritate
883 2508 1041 2570 munusculi
1063 2512 1211 2588 impetrari

203 2609 296 2672 posse
308 2595 481 2656 confiderem
494 2611 532 2652 ne
546 2610 706 2654 recusares.
738 2592 818 2653 Vale.

638 2725 770 2787 XXXIII.

482 2825 509 2876 G.
528 2825 653 2878 PLINIUS
670 2825 806 2877 ROMANO
825 2823 885 2877 SUO
901 2823 930 2881 S.
1218 2852 1252 2906 3⁰

186 2939 198 2990 1
292 2925 407 2987 ‘Tollite
425 2933 537 2988 cuncta'
549 2929 645 3007 inquid
659 2935 851 3007 ‘coeptosque
862 2927 973 2987 aulcrtc
985 2925 1123 2988 labores?

206 3009 264 3070 Seu
280 3011 383 3070 scribis
398 3009 502 3089 aliquid
516 3029 569 3071 seu
584 3012 675 3091 legis,
696 3011 757 3070 tolli
781 3013 885 3071 auierri
904 3012 972 3071 iube
986 3019 1015 3071 et
1029 3013 1131 3090 accipe
1146 3028 1211 3073 ora·

204 3096 311 3155 tionem
331 3112 438 3173 meam,
460 3105 489 3155 ut
503 3094 550 3155 illa
562 3113 653 3170 arma,
676 3094 794 3155 divinum
817 3098 897 3172 (num
912 3095 1064 3173 superbius
1079 3091 1208 3174 potuil),
1307 3091 1308 3166 l

204 3196 237 3238 re
253 3196 338 3257 vera,
359 3187 390 3238 nt
404 3181 478 3239 inter
491 3197 585 3255 meas,
607 3178 768 3257 pulchram
787 3197 849 3238 uam
870 3179 936 3238 mibi
951 3181 1019 3238 satis
1034 3189 1079 3239 est
1096 3188 1209 3238 certare
1307 3197 1308 3276 p

181 3270 325 3322 tmccum.
353 3261 407 3322 Est
423 3263 494 3323 hacc
514 3279 567 3341 pro
588 3262 663 3323 Attia
679 3261 803 3337 Viriola,
826 3271 855 3322 et
870 3261 1005 3340 dignitate
1021 3279 1163 3340 personae
1178 3271 1250 3328 etas
1307 3279 1308 3348 p

206 3346 330 3426 exempli
349 3348 462 3407 raritate
483 3355 512 3405 ct
531 3345 626 3406 iudicii
646 3345 838 3423 magnitudine
859 3347 987 3425 insignis.
1017 3345 1088 3405 Nam
1103 3346 1209 3408 lemine
1307 3351 1308 3422 s

206 3428 355 3508 splendide
367 3440 441 3505 nata,
457 3438 544 3508 nupta
558 3431 702 3509 practorio
717 3431 795 3506 viro,
813 3431 986 3490 exheredata
1001 3430 1036 3490 ab
1052 3438 1207 3506 octogena·

204 3513 248 3570 rio
263 3523 344 3591 patre
360 3514 430 3572 intra
444 3513 574 3572 undecim
590 3511 651 3573 dies
673 3531 755 3593 quam
770 3512 811 3572 illi
825 3531 978 3574 novercam
994 3530 1089 3573 umore
1106 3522 1206 3588 captus

1223 1605 1251 1656 lt
