2632 4096
191 256 231 320 tn
617 254 650 313 c.
672 251 769 334 rtur

150 405 320 473 ldrietatena
340 404 472 483 duarum,
497 414 659 465 contextum
681 405 764 464 unius
784 404 918 466 babuisse
941 405 1097 465 credantur.
1136 403 1195 467 lle·

190 489 307 571 spondit
325 487 486 550 Herennius
505 487 587 550 Polio
607 491 744 549 instanter
764 497 794 548 et
815 490 957 565 gradter,
981 489 1085 548 deinde
1099 487 1195 550 Tbco·

190 575 298 653 plranes
320 589 427 634 rursus.
459 571 541 632 Fecit
561 574 636 632 eninr
656 572 712 632 boo
727 589 842 651 quoquo
859 581 890 631 ut
904 582 1000 632 cetera
1017 571 1195 650 inpudentis-

190 660 277 735 sime,
299 657 375 736 quod
396 665 463 734 post
479 656 550 717 duos
573 663 602 715 et
624 654 789 725 consulares
809 663 838 714 et
859 655 983 716 disertos
1003 664 1116 734 ternpus
1137 657 1195 717 sibi

191 740 344 820 etquidem
355 738 446 799 laxius
459 738 622 798 vindicavit.
647 739 726 798 Dixit
743 741 771 798 in
789 747 902 798 noctem
913 747 999 817 atque
1011 741 1095 798 etiarn
1105 747 1218 800 noctes

150 824 284 888 titulatis
298 823 433 882 lucernis.
463 820 584 882 Postero
600 820 646 882 die
660 831 780 901 egerunt
793 837 847 900 pro
861 821 952 882 anso
968 821 1059 882 Titius
1077 821 1195 882 llomul·

190 909 235 968 lus
250 915 279 966 et
294 905 400 967 Fronto
413 905 547 965 mirilico:
574 915 702 984 quartum
716 905 791 966 diem
807 905 990 984 probationes
1007 917 1194 984 occuparunt.

150 1000 182 1054 16
192 990 312 1051 Censuit
324 988 448 1050 baebius
462 987 571 1067 Macer,
586 989 686 1050 consul
701 989 875 1067 designatus,
891 988 961 1066 lege
974 989 1194 1068 repetundarum

190 1074 310 1134 Bassum
326 1073 435 1151 teneri,
457 1069 566 1152 Caepio
581 1071 685 1152 llispo,
701 1072 780 1133 salva
793 1073 931 1150 dignitate
945 1071 1055 1134 iudices
1070 1073 1194 1134 dandus:

150 1165 311 1235 utaturque
325 1165 417 1217 recte.
441 1155 496 1230 Qui
511 1157 573 1217 lieri
588 1153 704 1235 potest?
719 1157 829 1234 inquis:
844 1157 908 1234 quia
923 1155 1043 1218 scilicet,
1052 1165 1081 1216 et
1096 1155 1195 1218 Macro
1204 1167 1239 1218 10

190 1241 286 1319 legera
305 1241 426 1301 intuenti
446 1250 667 1302 consentancum
683 1241 736 1300 luit
750 1239 880 1299 damnare
896 1257 961 1299 eum
974 1242 1023 1317 qui
1038 1249 1137 1301 contm
1150 1241 1194 1301 le·

190 1341 257 1402 gena
270 1341 387 1386 munera
399 1333 564 1403 acceperat,
580 1333 610 1385 et
624 1322 743 1404 Caepio,
759 1341 824 1383 oum
840 1332 952 1400 putaret
965 1322 1056 1384 licere
1071 1326 1194 1402 senatui,

191 1411 264 1470 sicut
277 1408 358 1480 licet,
373 1415 403 1468 et
415 1409 545 1484 mitigare
558 1407 641 1484 leges
656 1417 685 1468 et
699 1407 858 1484 intendere,
874 1422 931 1466 non
945 1408 1007 1467 sinc
1022 1408 1129 1467 ratione
1143 1427 1195 1468 ve-

150 1500 182 1554 18
189 1494 263 1552 niam
280 1490 357 1551 dedit
373 1491 466 1567 iacto,
488 1492 578 1551 vetito
595 1491 707 1570 quidem
722 1507 778 1550 non
793 1499 886 1550 tanaeu
899 1490 1041 1552 inusitato.
1073 1489 1195 1553 Praeva-

189 1575 242 1635 luit
256 1575 397 1636 sententia
409 1571 575 1653 Caepionis,
591 1576 659 1653 quin
677 1576 762 1635 imaro
780 1576 963 1652 consurgenti
976 1575 1005 1634 ei
1019 1573 1054 1634 ad
1071 1593 1193 1636 censen·
1203 1587 1238 1640 15

191 1659 256 1720 darn
275 1657 460 1718 adclamatum
481 1667 542 1736 est,
569 1658 646 1736 quod
662 1658 738 1720 solet
752 1657 953 1720 residentibus.
975 1657 1092 1736 linquo
1107 1668 1194 1738 potes

190 1744 340 1804 aestimare
359 1751 466 1821 quante
486 1759 628 1802 consensu
647 1744 683 1803 sit
701 1752 870 1822 exceptum,
892 1760 956 1802 crunt
970 1741 1096 1818 diceret,
1115 1742 1194 1822 quod

149 1834 182 1888 19
192 1836 248 1887 tarn
262 1826 418 1887 favorabile
432 1826 495 1903 luit,
514 1843 578 1884 cuna
594 1825 720 1887 dicturus
734 1826 888 1887 uideretur.
921 1827 993 1886 Sunt
1008 1836 1101 1886 tarnen
1115 1837 1147 1887 ut
1163 1829 1194 1886 in

192 1919 290 1970 senatu
310 1912 349 1970 ita
368 1912 398 1970 in
417 1909 532 1969 diritate
550 1911 576 1968 ln
599 1908 668 1969 duas
689 1918 786 1988 partes
807 1910 948 1969 bominum
970 1910 1071 1970 iudicia
1091 1909 1192 1972 divisa.

191 1993 262 2053 llam
275 1993 379 2070 quibus
397 1995 539 2054 sententia
553 1990 706 2072 Caepionis
726 1992 848 2071 placuit,
872 1994 1038 2053 sententiam
1057 1992 1145 2054 Macri
1163 1999 1239 2056 utao

190 2075 307 2154 rigidam
321 2075 474 2154 duramque
490 2076 717 2155 reprehendunt:
745 2075 965 2155 quibuslicet,
987 2075 1062 2136 illam
1076 2077 1194 2138 alteram

191 2159 356 2220 dissolutam
377 2169 464 2237 atque
487 2162 573 2220 etiarn
591 2163 826 2240 incongruentem
848 2170 965 2230 vocant;
989 2170 1094 2238 nogant
1117 2165 1194 2222 eninr

147 2255 352 2322 tucongruens
372 2263 440 2304 esse
459 2247 584 2305 retinere
606 2245 635 2304 in
656 2255 754 2306 senatu
777 2245 822 2305 cui
840 2245 951 2304 iudices
970 2243 1094 2307 dederis.
1128 2245 1195 2306 linit

191 2338 221 2388 et
239 2331 322 2389 tertia
342 2329 490 2389 sententia.
524 2327 657 2390 Valerius
678 2328 808 2390 Paulinus
829 2329 968 2390 adsensus
985 2326 1122 2406 Caepioni
1136 2329 1194 2390 boc

189 2411 309 2490 amplius
331 2413 443 2474 censuit
462 2411 644 2473 referendum
664 2412 700 2472 de
720 2413 911 2493 Theophane,
935 2429 998 2471 curu
1019 2411 1238 2490 legationcmtt

189 2497 388 2557 renuntiasset.
420 2495 605 2574 Arguebatur
626 2499 700 2556 enirn
723 2493 809 2557 rnulta
829 2499 857 2557 in
878 2497 1060 2556 accusatione
1084 2496 1193 2558 lecim

147 2591 263 2659 siquae
282 2579 332 2640 illa
347 2582 410 2659 ipsa
427 2579 495 2658 lege
515 2599 571 2658 qua
590 2579 709 2642 bassum
729 2589 913 2640 accusaverat
926 2589 1099 2640 tenerentur.
1132 2581 1194 2642 Sed

189 2664 261 2723 banc
280 2666 449 2724 sententian
469 2663 621 2740 consules,
644 2681 810 2743 quamquain
828 2666 964 2724 maximae
984 2667 1056 2742 parti
1075 2675 1193 2728 senatus
1314 2673 1315 2704 ³

190 2748 260 2806 rnire
275 2747 459 2825 probabatur,
475 2763 532 2807 non
547 2756 612 2806 sunt
630 2749 786 2826 persecuti.
807 2746 940 2808 Paulinus
958 2757 1051 2808 umen
1069 2759 1098 2810 ct
1112 2751 1193 2810 iusti·

147 2841 182 2895 22
190 2831 247 2892 tiae
266 2829 367 2890 iarnana
388 2839 418 2889 et
437 2832 611 2890 constantiae
633 2830 705 2891 tulit.
739 2831 829 2892 ldisso
849 2840 948 2892 senatu
969 2831 1075 2892 Bassus
1093 2837 1238 2912 magnato

190 2914 334 2974 bominum
348 2912 525 2991 innuentia,
539 2930 642 2992 magno
656 2915 797 2991 clamore,
815 2933 919 2993 arogno
930 2915 1035 2993 gaudio
1052 2927 1193 2996 exceptus
1314 2953 1315 2974 ι

190 3007 245 3058 est.
267 2995 389 3057 Fecerat
402 3013 468 3057 euna
481 2997 667 3059 tavembilen
679 3009 813 3060 renovata
824 2999 1014 3059 discriminum
1025 3008 1109 3060 retus
1120 2999 1195 3060 laura
1314 2997 1315 3012 ³

189 3091 343 3160 saumque
360 3080 495 3160 periculis
515 3099 619 3143 nmen
643 3092 673 3144 et
693 3085 723 3143 in
744 3100 869 3163 procero
892 3099 1015 3161 corpore
1034 3092 1141 3143 maesta
1165 3091 1195 3142 et
1314 3093 1315 3104 ¹

146 3165 319 3245 tauqualida
339 3174 483 3226 senectus.
516 3165 642 3227 llabcbis
661 3168 733 3227 banc
753 3169 865 3227 iuterim
884 3166 1037 3246 epistularu
1062 3175 1092 3226 ut
1113 3161 1195 3244 πρό·
1314 3193 1315 3210 ¹

190 3247 335 3328 δρομον,
357 3250 540 3328 exspectabis
560 3252 717 3310 orationem
736 3249 852 3330 plenam
866 3259 1068 3329 onustumque,
1085 3267 1192 3329 exspe-
1201 3259 1238 3315 dd
1314 3277 1315 3330 3

189 3333 280 3393 cubis
301 3331 364 3394 din:
386 3350 481 3412 neque
495 3337 571 3394 enirn
585 3333 688 3393 leviter
702 3343 732 3392 et
747 3337 867 3410 cursim,
889 3343 919 3394 ut
933 3333 970 3393 de
983 3353 1016 3394 re
1031 3343 1124 3412 unu,
1146 3351 1194 3396 rc·
1314 3359 1315 3364 ¹

187 3416 331 3478 bacanda
344 3423 398 3478 est
431 3415 515 3478 Vale.
