2616 4096
314 291 576 354 EPISTULARUM
586 293 676 354 v1111.
688 303 732 356 uo.
743 303 786 355 au.
800 304 843 355 aa.
856 302 898 356 as.
1053 289 1114 360 187

110 445 197 523 ducit,
214 463 282 506 vera
297 446 428 522 soboles,
443 462 537 523 eoque
551 445 691 505 simillima
705 444 746 505 illi
760 447 788 504 in
799 461 855 524 quo
870 444 919 504 ille
931 446 1113 525 praecipuus.

109 530 139 590 Si
155 529 259 608 elegos
274 531 335 589 eius
350 531 378 588 in
391 547 501 589 manum
519 531 692 606 sumpseris,
713 527 796 604 leges
819 545 891 607 opus
908 536 1026 604 tersum,
1044 527 1140 588 mol-t

109 613 153 690 le,
175 612 347 689 iucundum,
374 621 404 671 et
424 611 507 689 plane
530 614 559 671 in
575 612 714 690 Propertii
737 611 820 670 domo
838 613 983 690 scripturn.
1014 609 1114 689 Nuper

108 695 142 757 ad
156 695 249 770 lyrica
263 695 394 771 defleuit,
416 696 445 753 in
461 695 562 772 quibus
579 697 617 754 ita
632 693 776 755 Horatium
790 703 821 753 ut
834 697 863 755 in
877 694 934 756 illis
950 693 1029 753 illum
1042 693 1113 754 alte·
1191 760 1195 766 ,

85 791 167 840 orum
180 779 302 855 effingit.
330 778 433 855 Putes,
454 780 479 838 si
497 777 563 856 quid
576 779 604 837 in
619 778 718 838 studiis
735 780 867 855 cognatio
880 777 973 852 valet,
988 785 1017 836 et
1030 777 1112 837 huius

108 865 307 942 propinquum.
340 860 442 938 lllagna
462 864 599 938 varietas,
621 879 720 939 magna
737 861 888 922 mobilitas.
921 861 1004 921 Amat
1017 870 1048 920 ut
1066 862 1113 938 qui

106 947 269 1020 verissime,
286 944 366 1005 dolet
380 953 410 1004 ut
425 947 473 1022 qui
490 944 844 1023 inpatientissimc‚·laudat
859 947 953 1022 utqui
968 945 1111 1022 benignis·

107 1032 188 1105 sime,
204 1027 278 1088 ludit
294 1037 324 1086 ut
338 1030 386 1107 qui
400 1026 584 1104 facetissime,
600 1031 692 1088 omnia
709 1028 831 1106 deniqne
847 1037 985 1108 tamquam
1002 1027 1112 1104 singula

106 1112 239 1172 absolvit.
269 1111 324 1172 Pro
341 1112 397 1172 hoc
412 1128 469 1188 ego
482 1114 590 1186 amico,
609 1129 662 1190 pro
677 1112 734 1170 hoc
751 1129 808 1188 ego
823 1112 938 1189 ingenio
953 1128 1010 1171 non
1023 1112 1138 1170 minusb

72 1213 101 1264 ιο
108 1213 196 1272 aeger
210 1199 306 1256 animo
322 1212 404 1273 quam
419 1212 541 1272 corpore
562 1193 629 1273 ille,
649 1193 762 1253 tandem
775 1193 865 1271 illum,
881 1193 993 1254 taudem
1007 1211 1052 1254 me
1068 1213 1113 1254 re·

109 1281 181 1357 cepi.
218 1277 369 1338 Gratulare
384 1278 467 1353 mibi,
490 1277 632 1354 gratulare
649 1279 733 1337 etiam
750 1275 853 1337 litteris
870 1279 958 1356 ipsis,
982 1295 1054 1355 quae
1077 1295 1114 1336 ex

107 1362 238 1438 periculo
253 1363 314 1420 eins
325 1371 432 1422 tautum
442 1360 593 1421 discrimen
606 1360 734 1420 adierunt
752 1367 884 1438 quantum
901 1359 1038 1420 exsoluto
1051 1359 1112 1436 glo·

107 1448 162 1506 riae
178 1453 400 1522 consequentur.
434 1443 515 1504 Vale.

555 1555 690 1640 xrun.b

388 1675 414 1724 c.
433 1674 559 1726 unrurus
578 1674 708 1726 maruno
725 1675 785 1728 suo
801 1675 830 1742 s.

166 1776 347 1855 Frequenter
361 1779 457 1853 agenti
477 1776 544 1836 mibi
561 1779 658 1837 evenit
678 1785 708 1836 ut
729 1777 909 1850 centumviri,
938 1792 1001 1834 cum
1017 1773 1064 1832 diu
1080 1792 1136 1842 ser

108 1860 176 1918 intra
198 1859 324 1919 iudicum
349 1861 545 1920 auctoritatem
564 1863 788 1938 gravitatemque
810 1860 985 1936 tenuissent,
1013 1873 1112 1916 omnes

108 1953 227 2023 repente
244 1945 407 2022 quasivicti
423 1945 573 2023 coactique
588 1953 795 2020 consurgerent
817 1941 1035 2020 laudarentque;
1057 1941 1138 2008 ire-2

73 2033 231 2104 loquenten
245 2045 262 2086 c
277 2036 377 2087 senatu
391 2027 507 2103 famam,
531 2026 643 2104 qualem
662 2029 781 2087 maxime
802 2036 982 2106 optaveram,
1003 2023 1112 2084 rettuli:

110 2127 257 2188 numquam
278 2119 371 2170 tamen
392 2112 526 2171 maiorem
547 2113 612 2189 cepi
633 2111 826 2190 voluptatem,
856 2128 940 2187 quarn
963 2126 1054 2188 nuper
1077 2125 1114 2168 ex

111 2210 241 2254 sermone
265 2191 381 2254 Gorneli
403 2193 503 2252 Taciti.
541 2191 678 2255 Narrabat
701 2194 813 2255 sedisse
841 2212 873 2254 se
901 2211 965 2252 cum
992 2191 1113 2270 quodam

112 2273 295 2336 Circensibus
319 2279 469 2356 proximis:
498 2278 573 2337 hunc
593 2286 659 2357 post
679 2281 774 2338 uarios
795 2277 979 2354 eruditosque
1005 2290 1113 2334 sermo-

111 2375 161 2420 nes
180 2362 340 2439 requisisse
365 2359 492 2420 ‘ltalicus
516 2379 548 2420 es
573 2379 607 2420 an
628 2358 850 2440 provincialisl’
875 2378 908 2420 se
927 2357 1112 2437 respondisse

75 2446 196 2504 lb‘nosti
212 2461 270 2521 me,
287 2452 316 2504 et
329 2444 442 2522 quidem
457 2463 496 2504 ex
508 2444 631 2504 studiis?
660 2443 705 2504 Ad
719 2445 774 2504 hoc
786 2443 864 2503 illum
879 2442 1006 2502 ‘Tacitus
1023 2459 1056 2500 es
1078 2456 1139 2508 an3

112 2523 254 2587 Pliniusi'
274 2526 441 2606 Exprimere
457 2544 515 2588 uon
528 2545 647 2606 possum
658 2545 740 2608 quam
752 2529 788 2586 sit
798 2525 948 2587 iucundum
959 2524 1024 2584 mibi
1038 2524 1113 2602 quod

113 2611 221 2670 uomina
236 2620 352 2690 nostra,
369 2613 448 2689 quusi
460 2612 614 2671 litterarum
629 2613 758 2690 propria,
773 2629 831 2671 non
844 2611 995 2684 hominum,
1010 2607 1112 2667 litteris

113 2691 282 2770 redduntur,
305 2694 381 2772 quod
400 2704 521 2774 uterque
541 2705 669 2756 nostrum
688 2695 731 2753 bis
751 2695 835 2754 etiam
853 2711 890 2754 ex
907 2691 1007 2753 studiis
1028 2699 1112 2751 nctus

115 2777 213 2853 quibus
231 2777 317 2838 aliter
333 2780 447 2856 ignotus
465 2787 520 2838 est.
541 2778 655 2839 Accidit
672 2776 745 2838 uliud
767 2786 830 2838 ante
847 2775 984 2855 pauculos
997 2774 1059 2835 dies
1075 2775 1139 2841 sbi

77 2858 185 2925 sumile.
207 2861 404 2922 Recumbebat
421 2879 532 2921 mecum
546 2863 589 2920 vir
603 2863 748 2939 egregius,
767 2859 869 2921 Fadius
881 2860 1010 2938 Rufinus,
1026 2875 1114 2937 super

115 2959 176 3001 cum
190 2947 338 3025 municeps
359 2947 467 3025 ipsius,
492 2947 541 3024 qui
555 2944 605 3005 illo
625 2945 671 3004 die
689 2946 807 3023 primum
821 2955 939 3005 venerat
956 2947 985 3004 in
999 2944 1125 3019 urbemu

116 3028 159 3084 oui
173 3027 306 3104 Rufinus,
330 3027 524 3089 demonstrans
537 3047 594 3106 me,
613 3027 705 3088 ‘vides
718 3025 831 3088 bunc‘l'
858 3027 945 3088 Nulta
962 3025 1064 3086 deinde
1076 3023 1113 3083 de

116 3109 211 3170 studiis
222 3113 337 3172 nostris.
369 3111 407 3172 Et
421 3111 470 3172 ille
485 3111 602 3172 ‘Plinius
617 3117 674 3172 est'
686 3113 784 3190 inquit.
810 3111 916 3171 Verum
932 3109 1053 3184 latebor,
1066 3122 1138 3170 cae

116 3193 162 3268 pio
175 3212 306 3272 magnum
316 3195 422 3256 laboris
434 3197 490 3254 mei
502 3195 631 3255 fructum.
654 3195 710 3272 An,
726 3197 750 3255 si
761 3193 970 3254 Demosthenes
984 3194 1044 3250 iure
1055 3189 1112 3250 lae·

81 3277 188 3336 tctatm
200 3278 332 3358 estquod
347 3278 425 3338 illum
435 3297 505 3340 anus
522 3279 617 3339 Attica
627 3281 665 3339 ita
675 3279 837 3353 noscitauit,
855 3262 954 3346 οὗτός
966 3269 1034 3333 ἐστι
1045 3275 1113 3350 Aq-

119 3356 297 3440 μοσθένης,
312 3380 369 3439 ego
385 3362 551 3422 celebritate
567 3364 686 3422 nominis
706 3363 762 3420 mei
778 3359 904 3438 gaudere
924 3375 981 3417 non
997 3352 1113 3416 debeo?

117 3437 264 3516 Ego·vero
282 3454 311 3506 et
324 3446 436 3523 gaudeo
452 3455 481 3506 et
497 3445 624 3522 gaudere
639 3463 684 3504 me
700 3443 774 3504 dico.
806 3441 908 3520 Neque
926 3443 1000 3502 enim
1010 3449 1139 3503 vereorb

119 3539 154 3580 ne
166 3527 432 3606 iactantior-uidear,
449 3546 512 3587 cum
530 3528 566 3588 de
580 3547 625 3586 me
644 3527 762 3588 aliorum
778 3526 928 3604 iudicium,
949 3541 1007 3583 non
1020 3537 1116 3582 meum

74 1624 101 1674 15
