2616 4096
224 293 285 362 158
646 293 679 355 (i.
701 293 798 355 Pbllll

223 451 280 509 tior
293 449 501 526 repraesentari
516 446 592 506 nulla
607 449 722 508 materia
741 449 833 526 possit
855 463 936 526 quam
953 449 977 507 si
992 445 1224 509 abstinentissimi

224 530 439 609 fidelissimique
456 531 585 591 custodis
604 529 799 609 principalium
821 547 907 610 opum
923 529 1075 592 facultates
1092 531 1224 591 adiuvare

225 616 417 692 contigisset'.
448 613 510 674 linc
529 621 596 674 tunc
611 623 708 675 votum
725 623 858 694 senatus,
878 614 936 674 boc
955 615 1142 692 praecipuum
1156 630 1223 691 gau·

224 699 299 758 dium
313 696 429 777 populi,
450 696 522 757 baec
536 695 712 759 liberalitatis
725 698 840 757 materia
855 698 1028 776 gratissima,
1051 699 1075 758 si
1090 696 1224 758 Pallantis

223 780 374 842 iaculantes
395 780 526 840 adiuvare
549 780 726 859 publicarum
751 797 836 859 opum
858 782 1008 859 egestione
1034 783 1248 859 contingereti

197 863 282 930 elam
300 881 371 942 quae
392 873 565 943 sequuntur,
586 864 721 924 voluisse·
737 863 849 944 quidem
871 874 998 925 senatum
1019 883 1143 926 censere
1161 864 1226 924 dan·

225 948 289 1007 dum
303 965 340 1006 ex
353 948 461 1006 aerario
478 950 640 1008 sestertium
658 949 767 1010 centies
782 949 984 1028 quinquagies,
1013 957 1041 1010 et
1064 958 1171 1027 quam
1190 947 1225 1008 ab

224 1030 362 1090 eiusmodi
383 1029 581 1108 cupiditatibus
599 1033 735 1092 remetior
752 1033 813 1092 eius
833 1033 941 1092 animus
961 1040 1057 1108 esset,
1081 1041 1163 1098 tauto
1185 1033 1226 1090 in·

224 1115 341 1191 pensius
356 1121 457 1192 petere
478 1131 493 1173 a
514 1113 632 1193 publico
650 1124 768 1195 parente
785 1124 816 1175 ut
832 1133 897 1175 eum
918 1113 1107 1194 compelleret
1126 1114 1163 1175 ad
1178 1133 1225 1175 ce·

197 1196 344 1262 9dendum
365 1199 485 1259 senatui.
517 1196 549 1258 ld
569 1215 640 1259 reso
659 1200 757 1260 deerat
776 1209 807 1259 ut
826 1216 890 1259 cum
910 1197 1035 1260 Pallante
1055 1200 1260 1266 auctoritatem

223 1281 339 1361 publica
357 1291 506 1360 ageretur,
531 1281 623 1344 Pallas
643 1291 792 1361 rogaretur
806 1291 836 1342 ut
851 1284 961 1342 senatui
977 1281 1112 1358 cederet,
1140 1291 1172 1341 ut
1185 1279 1225 1340 illi

223 1367 445 1444 superbissimae
460 1365 646 1428 abstinentiae
661 1365 767 1428 (laesas
779 1369 843 1446 ipse
856 1366 1011 1427 advocatus
1022 1374 1113 1442 esset,
1129 1383 1168 1424 ne
1179 1383 1224 1424 se·

224 1451 353 1509 stertium
371 1449 483 1530 centies¹
498 1451 684 1527 quinquagies
702 1459 860 1528 sperneret.
883 1450 1016 1528 Sprevit,
1039 1447 1116 1527 qnod
1131 1447 1224 1508 solum

223 1534 316 1611 potnit
342 1533 426 1592 tantis
451 1533 553 1610 opibus
577 1532 694 1612 publice
716 1531 819 1595 oblatis
833 1533 1014 1611 adrogantius
1028 1531 1126 1592 iacere
1141 1549 1224 1610 quam

181 1626 216 1678 10
224 1617 249 1677 si
263 1617 435 1694 accepisset.
462 1615 583 1677 Senatus
599 1626 693 1679 manen
709 1619 737 1678 id
752 1635 866 1697 quoqne
878 1617 978 1679 similis
991 1617 1123 1695 querenti
1135 1614 1225 1674 laudi·
1232 1624 1260 1676 15

224 1701 277 1760 bus
289 1699 363 1779 tulit,
376 1699 421 1760 bis
432 1700 545 1778 quidem
555 1701 668 1762 verbis:
683 1701 735 1762 sed
746 1718 810 1760 cum
820 1703 956 1780 princeps
968 1702 1091 1780 optimus
1106 1716 1223 1778 parens·

224 1801 281 1862 que
292 1783 438 1864 publicus,
452 1793 570 1862 rogatus
586 1803 602 1845 a
615 1783 759 1862 Pallante,
774 1802 837 1846 enm
851 1795 960 1864 partem
976 1784 1134 1845 sententiae
1150 1799 1223 1861 quae

222 1868 383 1947 pertinebat
399 1868 434 1928 ad
456 1867 575 1928 dandum
595 1870 622 1927 ei
644 1885 681 1927 ex
698 1870 806 1930 aerario
827 1869 989 1930 sestertium
1011 1868 1122 1928 centies
1144 1869 1223 1946 quiu-

223 1953 343 2028 quagies
352 1952 455 2012 remitti
464 1949 614 2029 voluisset,
626 1952 724 2012 testari
736 1961 864 2012 senatum
875 1952 928 2030 [et]
939 1969 972 2012 se
984 1951 1108 2012 libenter
1119 1967 1155 2010 ac
1165 1967 1222 2010 me

222 2035 277 2094 rito
291 2033 363 2093 banc
378 2051 511 2094 summam
525 2036 598 2094 inter
608 2033 735 2114 reliquos
749 2035 873 2096 honores
888 2035 925 2094 ob
938 2033 1022 2096 iidem
1036 2032 1259 2112 diligentiam-it

225 2134 281 2195 que
297 2115 414 2178 Pallanti
443 2116 602 2178 decernere
631 2121 781 2198 coepisse;
806 2117 944 2180 volantati
968 2127 1062 2178 mmeu
1085 2118 1222 2197 principis

225 2201 285 2278 sui,
308 2202 353 2260 cui
373 2202 402 2260 in
416 2199 492 2260 nulla
509 2219 542 2262 re
563 2202 607 2262 ias
622 2211 732 2280 putaret
747 2219 926 2280 repugnare,
944 2201 973 2260 in
992 2201 1046 2262 hac
1061 2217 1223 2279 quoquere

182 2294 214 2346 11
224 2284 354 2364 obsequi.
373 2283 529 2362 Imaginare
539 2284 694 2346 Pallantem
703 2285 783 2346 velut
793 2285 1018 2346 intercedentem
1028 2291 1144 2345 senatus
1156 2299 1223 2343 ecn-

224 2367 300 2429 suite
315 2368 564 2448 moderantemque
575 2368 700 2429 bonores
714 2386 784 2430 suos
798 2378 828 2429 et
842 2369 1005 2429 sestertium
1022 2368 1132 2428 centies
1143 2368 1222 2446 quin-

224 2454 342 2530 quagies
358 2461 387 2512 ut
401 2452 514 2511 nimium
525 2461 720 2528 recusantem,
743 2470 807 2512 cum
820 2453 961 2530 praeteria
978 2460 1138 2512 ornamenta
1154 2459 1259 2514 tam-25

181 2543 306 2613 laquem
328 2537 419 2598 minus
437 2537 613 2615 recepisset:
636 2538 789 2613 imaginare
810 2534 963 2596 Gaesarem
975 2534 1070 2596 liberti
1086 2536 1222 2612 precibus

222 2617 270 2678 vel
286 2621 380 2697 potins
396 2621 516 2698 imperio
528 2637 622 2679 eoram
636 2628 736 2680 senatu
748 2620 1004 2698 obtemperantem:
1018 2619 1138 2697 imperat
1149 2620 1223 2678 enim

223 2701 341 2763 libertus
357 2712 478 2782 patrono
492 2721 576 2781 quem
589 2704 617 2762 in
632 2712 732 2763 senatu
745 2711 843 2781 rogat:
862 2704 1016 2781 imaginare
1032 2711 1162 2764 senatum
1177 2719 1223 2761 us·

223 2802 392 2864 quequaque
415 2793 566 2846 testantem
583 2788 685 2846 merito
700 2786 880 2864 libenterque
901 2805 934 2847 se
948 2785 1021 2846 hanc
1035 2801 1170 2848 summam
1183 2787 1222 2844 in·

222 2876 269 2928 ter
284 2867 411 2946 reliquos
426 2867 550 2929 honores
565 2868 681 2930 Pallanti
699 2873 834 2950 coepisse
855 2870 1012 2931 decernere
1033 2878 1063 2930 et
1083 2883 1261 2948 perseus-an

222 2959 345 3010 raturum
361 2951 468 3028 inisse,
489 2953 543 3012 nisi
561 2952 770 3032 obsequeretur
780 2955 916 3034 principis
929 2951 1083 3029 volantati,
1105 2953 1152 3012 cui
1166 2968 1222 3011 non

223 3043 303 3095 esset
328 3033 373 3095 ias
390 3036 420 3095 in
447 3034 505 3095 ulla
531 3054 564 3095 re
582 3053 753 3116 repugnare.
786 3036 844 3116 lta,
871 3054 908 3097 ne
928 3037 1091 3098 sestertium
1112 3038 1222 3096 centies

223 3120 409 3198 quinquagies
422 3117 515 3180 Pallas
531 3136 569 3178 ex
581 3123 690 3181 aerario
702 3120 808 3200 ferret,
830 3118 999 3181 verecundia
1014 3121 1120 3199 ipsius,
1136 3119 1223 3181 obse·
1302 3119 1303 3122 ’

223 3205 291 3282 quio
306 3212 420 3264 senatus
435 3220 508 3283 opus
525 3202 588 3282 iuit,
604 3206 632 3264 in
646 3204 705 3265 boe
718 3207 872 3284 praecipue
887 3221 944 3264 non
959 3205 1135 3281 obsecuturi,
1151 3205 1177 3264 si
1194 3204 1223 3262 in

183 3285 326 3349 sautiare
340 3297 469 3365 putasset
485 3286 528 3348 ies
543 3305 610 3348 esse
624 3306 681 3348 non
692 3289 823 3367 obsequi.
844 3287 942 3348 Finem
953 3283 1118 3349 existimas?
1138 3285 1263 3349 Meneni

224 3370 288 3456 dum
303 3379 333 3430 et
347 3373 452 3432 maiora
465 3373 579 3450 accipe:
594 3373 715 3450 turpe,
733 3390 797 3432 cum
810 3373 847 3432 sit
860 3371 930 3432 utile
944 3372 1080 3451 principis
1091 3369 1222 3448 benigni·

222 3463 308 3514 tatem
323 3457 559 3533 promptissimam
580 3454 615 3514 ad
631 3453 743 3516 laudem
762 3456 942 3534 praemiaque
963 3455 1130 3516 merentium
1148 3453 1222 3512 inlu·

223 3539 306 3596 strari
319 3537 442 3616 ubique,
464 3546 493 3598 et
510 3539 630 3598 maxime
650 3538 694 3600 liis
714 3537 788 3600 locis
804 3539 906 3616 qulbus
920 3539 1029 3600 incitari
1042 3536 1077 3598 ad
1090 3537 1222 3600 imitatio·
