2616 4096
372 305 802 370 primumprimuim.
1028 305 1087 371 181

86 457 151 518 illas
166 475 204 518 *an
218 457 313 520 velitis
327 457 450 518 adscribi
464 457 552 535 iacto,
567 460 595 517 in
607 475 663 538 quo
676 476 733 536 ego
746 460 850 519 comite
860 476 917 518 non
929 477 1019 536 egem
1037 459 1087 520 sed

87 559 145 602 non
160 544 200 601 ita
212 541 321 619 gloriae
336 559 416 601 meae
430 541 547 602 laverim
562 549 592 600 ut
605 541 688 602 vobis
700 543 839 602 societate
851 542 913 603 eius
927 543 1087 602 invideam!

87 623 201 686 Periert
215 624 317 685 Anteia
334 622 477 703 mandata,
502 642 558 685 nec
572 623 638 684 illae
652 634 801 685 morantur.
824 623 992 704 Opportune
1007 641 1114 696 seua-6

87 719 135 768 tus
156 709 227 767 intra
247 708 321 768 diem
342 709 463 769 tertium.
497 707 595 768 Omnia
610 726 667 786 ego
683 726 798 788 semper
812 707 846 768 ad
862 706 1016 770 Corellium
1030 718 1088 769 ret·

61 791 150 867 btuli,
167 809 251 869 quem
264 791 540 871 providentissimum
552 793 652 851 aetatis
666 800 781 852 nostrae
794 792 1088 870 sapientissimumque

89 877 230 951 cognovi:
252 877 280 934 in
295 874 351 934 boc
366 882 459 935 tamen
475 885 624 936 contentus
640 873 760 936 consilio
774 891 839 936 meo
853 875 911 950 iui,
928 877 1087 936 veritusne

87 967 214 1026 vetarem
234 967 296 1018 erat
317 959 393 1017 enim
413 959 589 1020 cunctantior
610 960 785 1037 cautiorque.
818 957 876 1017 Sed
897 976 953 1019 non
969 960 1087 1019 sustinui

87 1040 225 1100 iuducere
240 1041 268 1099 in
284 1042 403 1100 animum
419 1057 475 1118 quo
489 1043 579 1102 miuus
593 1039 635 1100 illi
650 1041 753 1102 eodem
770 1041 816 1101 die
833 1041 972 1102 iacturum
986 1060 1031 1104 me
1046 1044 1085 1102 in·

88 1123 212 1184 dicarem
238 1123 314 1201 qaod
331 1142 367 1183 an
387 1123 512 1184 iacerem
527 1142 584 1184 noa
600 1123 808 1201 deliberabam,
830 1135 967 1203 expertus
981 1143 1033 1185 usu
1050 1125 1085 1186 de

48 1217 125 1269 loeo
142 1206 220 1286 qaod
239 1207 424 1268 destinaveris
443 1225 500 1267 non
522 1226 590 1268 esse
612 1206 805 1268 consulendos
828 1209 929 1285 quibus
950 1208 1086 1268 consultis

88 1291 211 1368 obsequi
227 1289 343 1350 debeas.
363 1289 454 1350 Venio
469 1292 498 1351 iu
513 1299 651 1367 senatum,
668 1292 711 1348 ius
723 1289 835 1350 dicendi
847 1299 927 1369 peto,
940 1289 1004 1350 dico
1019 1308 1112 1370 pou-7

87 1374 179 1452 lisper
189 1375 310 1433 maximo
322 1374 455 1434 adsensu.
483 1373 538 1434 Ubi
556 1375 641 1452 coepi
657 1375 763 1433 crimen
777 1375 928 1450 attingere,
943 1392 1023 1435 reum
1037 1374 1073 1434 de

89 1459 210 1533 adnare,
233 1457 324 1517 adbuc
346 1467 438 1518 tamen
457 1459 518 1518 siae
540 1459 670 1534 nomine,
698 1456 821 1535 undique
842 1457 910 1517 mibi
929 1456 1085 1518 reclamari.

88 1539 169 1601 Alius
186 1541 320 1600 ‘sciamus
376 1542 450 1601 issit
468 1539 577 1619 dequo
599 1550 677 1600 exoa
700 1539 826 1600 ordinem
847 1541 989 1609 referas3'
1015 1541 1086 1601 alius

48 1637 80 1689 15
90 1626 166 1702 ‘qais
178 1631 223 1684 est
237 1632 302 1685 ante
316 1643 348 1684 re
360 1625 482 1684 ationem
494 1622 602 1685 reusi'
619 1623 690 1684 alius
706 1623 790 1684 ‘salvi
804 1625 910 1702 simus,
924 1627 972 1703 qui
987 1642 1086 1703 super·

89 1710 210 1768 sumus?
232 1706 324 1767 Audio
344 1708 554 1786 inperturbatus
576 1709 733 1768 interritus:
755 1716 859 1768 tantum
875 1716 1029 1785 susceptae
1043 1709 1112 1777 reis

88 1791 225 1851 honestas
238 1789 316 1851 valet
334 1799 496 1870 tantumque
512 1790 548 1851 ad
568 1790 696 1851 fiduciam
709 1789 757 1850 vel
772 1798 877 1850 metum
891 1790 984 1850 dillert
997 1789 1086 1850 nolint

88 1872 217 1934 homines
233 1873 309 1953 quod
323 1874 410 1934 iacias
425 1892 460 1933 an
472 1890 528 1934 oon
546 1874 678 1954 probent.
705 1872 832 1951 Longum
846 1882 892 1934 est
907 1875 997 1933 omnia
1012 1891 1085 1952 quae

88 1967 156 2052 tqnc
173 1957 238 2018 bino
257 1957 323 2018 iude
344 1960 417 2019 iacta
436 1967 501 2018 suat
519 1976 683 2018 recensere.
715 1956 876 2018 Novissime
898 1957 998 2019 consul
1019 1957 1109 2028 ‘Se-9

48 2040 200 2118 aoounde,
221 2043 377 2101 sententiae
392 2041 459 2102 loco
475 2041 572 2119 dices,
594 2043 619 2103 si
634 2041 702 2120 quid
714 2041 864 2102 volueris?
894 2041 1083 2103 ‘Permiseris'

88 2127 202 2202 inquam
212 2124 300 2203 ‘quod
315 2142 406 2202 nsque
421 2124 513 2186 adbuc
524 2125 652 2185 omnibus
666 2127 840 2204 permisisti?
862 2123 985 2186 Resido:
1000 2143 1085 2203 agun-

89 2217 134 2268 tur
154 2205 217 2268 alia.
249 2206 362 2268 Intemm
382 2225 427 2268 me
452 2207 562 2288 quidem
581 2227 619 2268 ex
639 2207 834 2269 consularibus
855 2209 951 2269 amicis
971 2217 1084 2269 secreto
1096 2227 1128 2278 10

89 2300 244 2370 curatoque
263 2308 411 2369 sermone,
436 2293 516 2370 quasi
535 2293 615 2353 nimis
637 2291 748 2352 fortiter
768 2293 937 2371 incauteque
951 2308 1085 2370 progres-

88 2393 169 2452 sum,
186 2376 318 2453 corripit,
334 2385 468 2452 revocat,
483 2385 623 2436 monetat
638 2375 790 2453 desistam,
810 2374 896 2436 adicit
910 2377 993 2436 etiam
1006 2384 1085 2434 nota-

48 2457 176 2525 asbilem
189 2475 234 2518 me
245 2457 345 2518 lutaris
356 2460 541 2539 principibus.
564 2457 660 2520 ‘Esto'
675 2461 798 2538 inquam,
814 2457 892 2518 ‘dum
904 2457 1007 2520 malis-²
1029 2457 1085 2518 Vix
1095 2475 1124 2529 11

88 2541 138 2602 ille
155 2542 338 2619 discesserat,
353 2560 450 2604 rursus
466 2541 538 2603 alter
552 2542 631 2622 ‘quid
644 2539 753 2604 audes?
770 2539 922 2621 quomis?
938 2541 1039 2620 quibus
1054 2551 1084 2601 te

87 2624 225 2704 periculis
241 2622 353 2687 obicis?
377 2626 443 2704 quid
458 2628 655 2705 praesentibus
677 2624 811 2701 contidis,
833 2627 958 2686 incertos
978 2625 1085 2684 iuturo·

88 2706 170 2769 rum?
191 2708 312 2770 lacessis
332 2708 472 2769 bominem
486 2712 540 2770 iam
560 2709 737 2789 praefectum
756 2709 857 2768 aerarii
879 2717 909 2770 et
923 2709 1003 2769 brevi
1019 2726 1085 2770 con-

88 2792 197 2868 sulem,
215 2802 365 2871 praeterea
380 2811 434 2872 qua
451 2794 557 2870 qratia,
578 2793 680 2872 quibus
694 2793 824 2854 amicitiis
839 2791 971 2852 lultuml'
991 2791 1087 2852 Nomi·

48 2886 134 2942 conat
146 2876 296 2954 quendam,
313 2877 361 2955 qui
376 2885 443 2936 tunc
457 2876 641 2937 adorientem
654 2875 853 2956 amplissimum
865 2879 1021 2938 exercitum
1031 2894 1086 2938 uon

88 2962 151 3020 sine
162 2961 270 3037 magnis
288 2959 437 3038 dubiisque
450 2961 608 3021 rumoribus
622 2960 775 3020 obtinebat.
794 2959 839 3021 Ad
854 2959 928 3021 baec
942 2978 1000 3039 ego
1016 2966 1086 3020 ‘om-
1096 2971 1129 3024 12

87 3045 133 3104 nia
146 3045 284 3124 praecepi
300 3043 393 3122 adque
409 3045 501 3103 animo
516 3061 626 3104 mecum
641 3052 705 3103 ante
722 3046 835 3124 peregi,
851 3061 905 3104 aec
921 3061 1043 3121 recuso,
1062 3046 1086 3102 si

88 3129 126 3186 ita
149 3144 233 3186 casus
256 3126 397 3203 attulerit,
426 3124 506 3188 luere
534 3144 641 3205 poenas
662 3127 699 3188 ob
719 3128 947 3188 honestissimum
970 3127 1084 3201 iactum,

88 3209 154 3269 dum
177 3209 426 3288 flagitiosissimum
446 3210 594 3272 ulciscor!
624 3209 682 3270 lam
704 3210 838 3271 censendi
859 3220 982 3286 tempus.
1010 3208 1085 3268 Dicit
1096 3218 1129 3272 13

47 3292 228 3357 bbllomitius
246 3292 436 3372 Apollinaris,
459 3293 558 3357 consul
576 3293 755 3372 designatus,
776 3294 843 3353 dicit
861 3291 1008 3352 Fabricius
1029 3291 1085 3350 Ve-

88 3379 184 3454 iento,
205 3376 308 3439 Fabius
327 3375 509 3455 Maximinus,
536 3377 647 3438 Vettius
666 3376 820 3453 Proculus,
846 3374 959 3452 collega
977 3374 1087 3435 Publici

88 3459 185 3539 Gerti,
207 3460 314 3539 dequo
330 3462 482 3540 agebatur,
498 3463 593 3521 uxoris
606 3479 687 3522 meae
701 3477 784 3538 mam
797 3461 943 3520 amiseram
958 3460 1085 3536 vitricus,

86 3556 155 3626 post
170 3545 224 3606 bos
238 3545 363 3607 Annnius
379 3543 510 3606 Flaccus.
534 3544 640 3606 Omnes
653 3542 769 3605 Certum
783 3542 905 3605 nondum
915 3561 932 3603 a
942 3560 987 3604 me
998 3545 1087 3603 nomi·
