2614 4104
215 301 278 368 256
636 300 670 362 C.
689 300 787 363 PLllll

216 467 248 518 ut
266 454 335 516 nihil
356 454 491 516 imbribus
512 454 652 533 caeloque
667 454 801 522 deberet;
821 451 963 531 siquidem
976 452 1096 532 proprio
1111 469 1231 528 semper

215 559 299 601 amne
322 539 455 618 perfusa,
481 557 536 599 nec
560 538 615 600 alio
640 555 749 616 genere
770 555 904 615 aquarum
925 535 1008 597 solita
1032 537 1229 614 pinguescere

219 642 301 704 qnam
317 641 387 701 quas
402 624 464 701 ipsa
480 622 650 699 devexerat,
670 623 754 682 tantis
769 622 919 699 segetibus
933 618 1102 680 induebatur
1118 627 1151 679 ut
1167 637 1230 679 eum

217 708 401 770 feracissimis
422 708 629 786 terris,'quasi
649 722 798 783 numquam
817 723 952 782 cessura,
974 711 1110 764 certaret.
1152 701 1230 762 llaec

217 793 330 871 inopina
345 791 475 850 siccitate
492 808 584 869 usque
598 790 633 850 ad
647 791 773 850 iniuriam
786 787 944 850 sterilitatis
960 788 1086 864 exaruit,
1105 789 1174 865 quia
1189 788 1251 864 pit

217 894 271 954 ger
285 873 367 946 Nilus
381 882 548 934 cunctanter
561 873 645 935 alveo
660 893 729 935 sese
744 890 778 933 ac
792 872 926 950 languide
942 869 1101 948 extulerat,
1126 872 1228 948 ingen·

218 960 294 1020 tibus
315 957 430 1035 quidem
450 965 518 1017 tunc
538 975 653 1037 quoque
672 956 723 1017 ille
744 957 920 1033 fluminibus,
949 955 1112 1016 fluminibus
1134 964 1229 1014 tamen
1291 945 1292 996 l

219 1039 421 1102 conferendus.
454 1039 528 1103 llinc
549 1059 615 1121 pars
636 1059 736 1119 magna
756 1051 910 1117 terrarum,
936 1039 1026 1116 mergi
1040 1041 1229 1118 repararique

218 1145 299 1186 amne
315 1135 468 1204 consueta,
483 1125 541 1186 alto
555 1125 676 1205 pulvere
691 1125 843 1185 incanduit.
865 1122 981 1184 Frustra
993 1132 1061 1183 tunc
1072 1124 1230 1200 Aegyptus

218 1210 314 1270 nubila
335 1211 443 1288 optavit
463 1210 630 1288 caelumque
651 1211 795 1288 respexit,
815 1209 957 1286 cumipse
972 1205 1159 1268 fecunditatis
1181 1225 1230 1285 pa·
1239 1205 1265 1256 1⁰
1292 1218 1293 1285 ι

218 1313 286 1355 rens
306 1294 479 1354 contractior
494 1303 524 1354 et
545 1293 663 1370 exilior,
688 1291 779 1354 isdem
798 1293 957 1353 ubertatem
977 1292 1039 1351 eius
1057 1292 1124 1349 anni
1141 1308 1230 1368 angn-

219 1381 281 1440 stiis
297 1378 400 1457 quibus
416 1377 611 1438 abundantiam
625 1395 703 1438 suam
718 1376 903 1437 cohibuisset.
925 1373 1029 1453 Neque
1043 1376 1121 1434 enim
1136 1373 1230 1434 solum

219 1481 309 1539 vagus
327 1460 393 1535 ille,
420 1478 484 1520 eum
498 1462 681 1538 expanditur,
696 1462 784 1521 amnis
799 1462 870 1520 intra
885 1468 1019 1536 usurpata
1032 1475 1154 1536 semper
1170 1456 1229 1517 col·
1293 1490 1294 1548 ι

218 1544 286 1605 lium
300 1544 465 1604 substiterat
480 1552 566 1623 atque
581 1544 730 1621 haeserat,
756 1542 808 1604 sed
823 1545 925 1622 supino
942 1544 1026 1603 etiam
1042 1560 1078 1601 ac
1094 1540 1229 1602 elementi

220 1627 285 1690 solo
304 1643 362 1688 non
382 1626 496 1706 placido
517 1646 550 1688 se
569 1627 707 1706 mollique
721 1627 802 1707 lapsu
817 1627 949 1704 refugum
962 1624 1139 1704 abstulerat,
1160 1625 1264 1685 nec-li

220 1713 284 1773 dum
305 1713 374 1773 satis
395 1721 523 1773 umentes
545 1721 636 1773 terras
657 1711 801 1772 addiderat
820 1711 974 1772 arentibus.
1008 1709 1099 1789 lgitur
1113 1709 1226 1769 inunda-

219 1801 316 1874 tione,
336 1795 424 1857 idest
441 1797 589 1874 ubertate,
613 1797 695 1873 regio
711 1795 851 1872 fraudata,
874 1796 916 1857 sic
933 1812 1018 1874 opem
1036 1792 1172 1854 Caesaris
1188 1793 1227 1852 in·
1294 1761 1295 1846 l

219 1882 334 1941 vocavit
349 1889 379 1939 ut
394 1878 470 1941 solet
484 1897 593 1940 amnem
608 1898 702 1941 suum:
718 1898 773 1940 nee
791 1879 904 1956 longius
919 1877 960 1939 illi
974 1877 1161 1938 adversorum
1176 1877 1226 1936 fnit

220 1963 339 2042 spatium
356 1981 438 2041 quam
453 1963 518 2022 dum
533 1966 648 2023 nuntiat.
685 1962 751 2024 Tam
765 1962 868 2040 velox,
891 1960 1013 2040 Caesar,
1036 1963 1167 2040 potentia
1181 1972 1226 2021 tua

220 2056 282 2121 est,
303 2055 416 2124 tamque
431 2048 459 2105 ln
473 2049 565 2106 omnia
579 2049 686 2125 pariter
699 2049 806 2109 intenta
820 2047 931 2107 bonitas
946 2055 977 2107 et
991 2048 1121 2107 accincta
1136 2056 1167 2106 ut
1179 2047 1263 2105 tri-it
1295 2032 1296 2117 l

220 2131 292 2190 stius
307 2127 412 2206 aliquid
426 2129 545 2190 saeculo
560 2140 608 2191 tuo
623 2131 717 2210 passis
733 2132 768 2193 ad
784 2130 940 2192 remedium
954 2130 1133 2209 salutemque
1148 2130 1226 2192 suili-

169 2215 210 2281 31
222 2215 278 2274 ciat
294 2223 324 2273 ut
345 2215 429 2274 scias.
473 2212 610 2276 Omnibus
626 2215 758 2294 equidem
777 2214 911 2294 gentibus
930 2214 1043 2275 fertiles
1058 2231 1149 2276 annos
1164 2231 1226 2291 gra·

221 2308 321 2376 tasque
348 2306 437 2359 terras
465 2314 583 2377 precor:
621 2298 789 2360 crediderim
810 2310 904 2361 tamen
926 2316 980 2377 per
1000 2299 1075 2358 bunc
1098 2298 1227 2376 Aegypti

221 2392 322 2444 statum
343 2391 405 2444 tuas
424 2382 561 2443 fortunam
582 2386 658 2444 vires
681 2385 807 2462 experiri
827 2393 958 2463 tuamque
973 2382 1146 2460 vigilantiam
1160 2399 1227 2458 spe-

221 2476 299 2528 ctare
314 2465 451 2526 voluisse.
472 2463 544 2526 Nam
556 2485 619 2526 cum
631 2463 721 2527 omnia
735 2467 859 2528 secunda
870 2468 976 2546 ubique
987 2467 1142 2544 merearis,
1158 2473 1262 2526 non-tt

220 2569 257 2609 nc
272 2550 449 2613 manifestum
463 2560 524 2629 est,
540 2553 564 2611 si
579 2550 646 2630 quid
660 2550 772 2612 adversi
788 2551 879 2628 cadat,
896 2553 952 2612 tuis
966 2549 1096 2611 laudibus
1112 2551 1227 2628 tuisque

220 2635 370 2694 virtutibus
385 2636 526 2697 materiam
541 2652 728 2713 campumque
743 2636 920 2714 praesterni,
942 2653 1006 2695 cum
1021 2633 1148 2696 secunda
1163 2633 1226 2694 leli·

221 2735 289 2794 ees,
305 2717 425 2778 adversa
439 2736 558 2797 magnos
572 2715 715 2798 probent?
737 2717 943 2780 Percrebuerat
959 2720 1111 2797 antiquitus
1126 2718 1227 2778 urbem

220 2809 345 2860 nostram
361 2802 414 2860 nisi
432 2803 535 2878 opibus
549 2803 676 2882 Aegypti
691 2801 728 2863 ali
743 2805 953 2883 sustentarique
968 2821 1024 2863 non
1040 2821 1141 2882 posse.
1174 2802 1226 2861 Su·

221 2882 369 2961 perbiebat
384 2893 503 2946 ventosa
518 2896 548 2946 et
561 2886 687 2947 insolens
701 2889 794 2964 natio,
810 2886 887 2966 quod
897 2889 1036 2950 victorem
1048 2885 1163 2964 quidem
1174 2895 1262 2964 poet

220 2965 317 3046 pulum
332 2977 466 3044 pasceret
481 2977 589 3046 nmen,
614 2970 748 3049 qnodque
764 2972 793 3031 in
808 2988 862 3032 suo
877 2971 1008 3048 flumine,
1029 2972 1057 3030 in
1072 2972 1132 3032 suis
1148 2971 1225 3030 navi-

220 3052 273 3112 bus
293 3049 340 3111 vel
360 3049 527 3112 abundantia
547 3063 645 3114 nostra
664 3054 712 3114 vel
730 3055 818 3116 lamas
839 3065 928 3117 esset.
967 3054 1135 3115 Reludimns
1158 3052 1226 3114 Nilo

220 3155 286 3198 suas
298 3136 412 3215 copias:
427 3139 538 3216 recepit
552 3136 691 3200 frumenta
703 3156 775 3216 quae
789 3141 904 3200 miserat
918 3139 1139 3219 deportatasque
1151 3155 1226 3198 mes·

220 3237 269 3281 ses
280 3222 399 3281 revexit.
418 3220 517 3282 Discat
532 3223 618 3300 igitur
627 3224 779 3302 Aegyptus
790 3223 945 3302 credatque
956 3224 1155 3302 experimento
1169 3239 1225 3282 non

219 3304 350 3365 alimenta
368 3324 401 3366 sc
417 3307 501 3367 nobis
514 3306 566 3366 sed
582 3308 686 3367 tributa
701 3315 862 3386 praestare:
881 3309 954 3368 sciat
968 3325 1002 3370 se
1016 3319 1074 3365 non
1090 3323 1159 3367 esse
1174 3319 1260 3384 poet

220 3387 288 3466 pulo
303 3387 429 3448 Romano
445 3393 652 3467 necessariam,
671 3399 700 3450 et
715 3400 807 3451 amen
821 3393 934 3452 seruat.
955 3388 1023 3452 Post
1031 3390 1122 3466 baec,
1139 3390 1166 3450 si
1174 3407 1224 3450 vo·

219 3470 277 3546 let,
299 3470 380 3532 Nilus
395 3483 470 3533 amet
484 3473 596 3534 alveum
610 3492 692 3534 suum
708 3481 738 3532 ct
752 3475 872 3536 lluminis
886 3475 1000 3536 modum
1014 3482 1128 3536 servet:
1155 3473 1222 3534 m'bil

220 3553 277 3611 hoc
294 3553 329 3612 ad
342 3555 457 3632 urbem,
473 3573 507 3614 ae
522 3575 559 3617 ne
574 3557 609 3616 ad
625 3557 789 3638 Aegyptum
804 3558 935 3638 quidem,
950 3559 1004 3619 nisi
1019 3568 1049 3617 ut
1065 3555 1132 3617 inde
1147 3559 1230 3617 navi'
