2614 4104
224 261 288 326 250
356 258 360 268 “
644 260 677 322 0.
700 259 798 323 uultu

223 416 263 476 ris
282 413 405 477 adventu
426 414 585 493 legatorum
604 412 726 491 dignitas
746 412 927 473 inumbratur.
967 411 1008 471 Tu
1030 422 1124 474 umen
1139 413 1235 474 maior
1298 491 1299 494 Ἴ

223 500 354 561 omnibns
369 498 484 579 quidem
498 515 580 575 oras,
596 496 648 560 sed
663 499 725 558 sine
740 496 825 558 ullius
840 497 1031 558 deminutione
1041 497 1147 556 maior:
1164 515 1235 556 ean·
1298 509 1299 560 t

226 583 291 644 dem
305 584 501 644 auctoritatem
514 590 667 658 praesente
688 589 719 641 te
740 581 863 659 quisque
884 597 967 660 quam
985 581 1106 642 absente
1120 583 1233 642 retine·
1298 585 1299 625 t

225 668 287 737 bat;
314 671 381 746 quin
402 669 486 727 etiam
500 665 648 744 plerisque
663 682 701 724 ex
715 681 751 724 oo
766 667 927 725 reverentia
941 674 1122 741 accesserat,
1151 664 1234 744 qnod
1298 707 1299 718 ,

223 762 255 812 tu
271 768 387 830 quoque
402 748 468 810 illos
483 749 665 812 reverebare.
689 747 788 827 ltaque
803 747 922 827 perinde
937 749 1054 810 summis
1068 757 1157 826 atque
1169 749 1235 808 inii·
1251 752 1265 803 5
1298 770 1299 821 p

224 836 279 895 ruis
293 852 386 911 carus,
403 836 444 893 sic
456 834 655 912 imperatorem
671 831 947 910 commilitonemque
961 832 1115 893 miscueras
1128 841 1160 892 ut
1170 842 1235 892 atu·
1298 825 1299 854 ¹

225 919 300 978 dium
322 918 442 977 omnium
462 915 646 994 laboremque
667 925 697 976 et
714 926 854 993 amquam
875 925 992 977 exactor
1011 915 1179 977 intenderes
1203 926 1235 976 et

225 1011 366 1079 tamquam
381 1001 527 1079 particeps
542 1001 696 1078 sociusque
708 998 864 1061 relevares.
896 998 1012 1060 Felices
1026 998 1093 1059 illos
1108 1017 1235 1078 quorum

226 1084 296 1145 tides
312 1094 341 1145 et
356 1084 492 1146 industria
507 1101 563 1144 non
577 1101 631 1163 per
650 1085 836 1145 internuntios
858 1093 887 1143 et
907 1085 1097 1162 interpretes,
1123 1083 1179 1144 sed
1194 1085 1234 1144 ab
1298 1115 1299 1134 ι

226 1172 290 1247 ipso
307 1176 353 1245 te,
378 1186 435 1229 nec
450 1169 632 1228 auribustuis
653 1166 705 1227 sed
720 1167 813 1228 oculis
827 1165 1032 1246 probabantur!
1068 1165 1233 1228 Consecuti
1245 1176 1275 1227 ιο

227 1261 291 1314 sunt
309 1261 341 1312 ut
361 1253 466 1314 absens
488 1268 604 1332 quoque
626 1250 663 1310 de
683 1251 848 1312 absentibus
864 1253 966 1311 nemini
986 1251 1076 1328 magis
1097 1269 1183 1328 quam
1198 1253 1235 1310 ti-

173 1338 256 1400 auti
275 1336 418 1398 crederes.
463 1335 521 1396 lam
542 1345 572 1396 te
589 1336 690 1395 civium
712 1334 852 1396 desideria
875 1335 1064 1412 revocabant,
1090 1351 1235 1396 amorem·
1298 1373 1299 1378 κ

226 1439 282 1500 que
304 1430 458 1481 castrorum
480 1419 632 1498 superabat
652 1420 752 1479 caritas
769 1419 886 1496 patriae.
921 1418 981 1479 lter
1000 1417 1066 1479 inde
1086 1417 1234 1497 placidum

224 1522 258 1564 ac
272 1501 431 1563 modestum
446 1511 475 1562 et
490 1502 574 1582 piane
589 1520 605 1562 a
621 1519 693 1579 pace
707 1501 861 1564 redeuntis.
888 1502 951 1565 Nec
965 1518 1037 1563 vero
1053 1519 1111 1579 ego
1126 1505 1157 1562 in
1171 1501 1234 1562 iau-

224 1587 306 1648 dibus
326 1588 382 1648 tuis
404 1603 505 1665 ponam
526 1585 602 1664 quod
623 1585 773 1646 adventurn
794 1596 871 1646 tunm
890 1603 946 1646 non
968 1595 1051 1664 pater
1064 1588 1272 1665 quisquam,15
1298 1571 1299 1646 i

223 1690 280 1732 non
293 1672 408 1732 maritus
422 1672 552 1749 expavit:
567 1668 708 1729 adfectata
718 1670 781 1730 aliis
794 1671 925 1748 castitas,
940 1670 990 1730 tibi
1005 1670 1130 1747 ingenita
1145 1679 1177 1730 et
1188 1673 1232 1730 in·
1298 1673 1299 1707 i

224 1764 303 1833 nata,
318 1757 449 1835 interque
465 1773 498 1814 ea
513 1771 586 1833 quae
605 1754 733 1830 inputare
749 1770 805 1814 non
821 1753 928 1832 possis.
948 1752 1050 1814 Nullus
1065 1755 1094 1813 in
1108 1755 1231 1831 exigen-
1298 1717 1299 1796 d

225 1841 268 1901 dis
282 1838 422 1899 vehiculis
437 1838 590 1915 tumultus,
605 1836 710 1896 nullum
726 1838 802 1898 circa
813 1837 935 1916 hospitia
949 1837 1104 1906 fastidium
1118 1855 1231 1896 annona
1298 1825 1299 1910 i

226 1940 298 2001 quae
319 1923 437 1990 ceteris;
462 1922 498 1982 ad
518 1923 574 1982 boc
596 1923 743 1982 comitatus
764 1920 912 1982 adcinctus
926 1930 956 1981 et
970 1938 1086 1998 parens:
1112 1919 1230 1982 diceres

223 2005 1271 2165 dottidiuitiisantististitesicuttibi.³⁰

225 2180 255 2231 et
269 2170 400 2231 iutururn.
426 2170 516 2244 Quam
531 2171 674 2233 dissimilis
688 2189 780 2250 nuper
794 2171 911 2232 alterius
929 2174 1064 2251 principis
1078 2171 1231 2233 transitus!
1298 2159 1299 2232 d

223 2257 249 2315 si
265 2263 358 2316 tamen
371 2257 505 2317 transitus
521 2255 588 2332 ille,
604 2273 660 2315 non
671 2255 818 2334 populatio
835 2255 903 2331 init,
919 2273 986 2316 cnm
999 2257 1115 2316 abactus
1129 2253 1231 2333 hospi·
1298 2235 1299 2296 d

224 2349 283 2400 tum
305 2347 473 2418 exerceret,
496 2339 644 2419 omniaque
666 2339 765 2400 dextra
786 2338 924 2416 laevaque
941 2346 1058 2418 perusta
1072 2347 1103 2398 ct
1121 2341 1230 2416 attrita,

225 2434 256 2484 ut
276 2424 300 2483 si
321 2425 364 2485 vis
387 2421 481 2501 aliqua
499 2423 548 2485 vel
568 2425 623 2501 ipsi
643 2421 684 2481 illi
699 2423 810 2482 barbari
825 2440 898 2500 quos
913 2422 1041 2500 fugiebat
1057 2421 1267 2485 inciderent-2⁵
1298 2431 1299 2503 i

224 2505 452 2568 Persuadendnm
469 2509 623 2585 provinciis
638 2516 699 2568 crat
714 2505 784 2566 illud
805 2508 860 2567 iter
878 2505 1029 2567 Domitiani
1050 2505 1154 2583 fnisse,
1170 2522 1230 2566 non
1298 2511 1299 2594 i

225 2591 371 2669 principis.
408 2590 506 2670 itaque
527 2609 584 2652 non
606 2600 661 2650 tam
682 2607 735 2668 pro
756 2600 804 2650 tua
822 2589 914 2667 gloria
935 2608 1017 2669 quarn
1038 2607 1091 2669 pro
1106 2589 1229 2651 utilitate
1298 2599 1299 2608 ’

223 2676 365 2735 communi
385 2674 482 2736 edicto
503 2675 650 2736 subiecisti
666 2673 732 2752 qnid
746 2675 775 2734 in
790 2684 938 2754 utrumqne
953 2685 1078 2736 vestrum
1092 2682 1174 2735 esset
1187 2675 1229 2734 in·

224 2775 353 2835 pensum.
386 2758 548 2820 Adsuescat
568 2761 721 2836 imperator
735 2775 798 2817 oum
811 2759 932 2837 imperio
947 2757 1086 2818 calculum
1101 2775 1228 2836 ponere:

224 2842 267 2901 sic
281 2850 382 2917 exeat,
410 2840 582 2918 decedent,
611 2852 751 2920 tamquam
770 2844 908 2902 rationem
927 2842 1104 2910 redditurum
1130 2841 1265 2902 edicattt
1298 2869 1299 2922 q

225 2923 291 3001 qnid
306 2924 504 3002 absumpserit.
531 2925 572 2986 lta
588 2926 636 2986 det
648 2934 677 2986 ut
692 2942 749 2985 non
765 2924 894 2986 absumat
908 2926 986 3004 quod
1001 2925 1104 3004 pudeat
1118 2925 1227 2986 dicere.

224 3007 375 3069 Praeterea
396 3006 480 3068 iutnri
502 3010 664 3088 principos,
687 3007 776 3070 veiint
795 3009 902 3087 nolint,
923 3010 1015 3070 sciant
1029 3008 1108 3068 Tanti
1125 3009 1227 3086 [tuum]

224 3100 352 3170 constat,
379 3094 595 3172 propositisque
616 3092 726 3154 duobus
751 3092 890 3171 exemplis
911 3094 1088 3153 meminerint
1107 3092 1229 3171 perinde

223 3177 414 3237 coniecturam
428 3176 465 3238 de
480 3178 606 3239 moribus
621 3178 680 3237 suis
694 3176 823 3238 homines
835 3195 902 3238 esse
913 3175 1058 3253 facturos,
1073 3185 1162 3254 prout
1173 3176 1229 3236 boc

223 3258 270 3320 vel
285 3259 353 3319 iliud
368 3260 518 3338 elegerint.
1236 3269 1265 3319 ³⁵

171 3341 212 3404 21
286 3342 387 3404 Nonne
402 3343 446 3406 bis
460 3353 501 3404 tot
516 3345 656 3423 tantisque
669 3345 776 3404 meritis
790 3361 882 3406 novos
897 3341 1009 3422 aliquos
1020 3343 1166 3420 bonores,
1179 3360 1228 3404 no
1298 3367 1299 3395 t

222 3445 276 3488 vos
296 3428 394 3487 titulos
417 3426 586 3488 merebere?
612 3429 651 3488 dt
672 3437 702 3488 tu
723 3429 807 3487 etiarn
829 3429 917 3506 patris
934 3428 1043 3506 patriae
1062 3427 1227 3488 recusabas.
1298 3465 1299 3484 ι

224 3508 313 3580 Quam
333 3509 418 3586 ionga
440 3510 522 3570 nobis
537 3529 601 3570 cum
614 3509 752 3570 modestia
770 3520 817 3569 tua
834 3509 944 3588 pogna!
970 3529 1052 3590 marn
1066 3509 1148 3571 tarde
1163 3513 1230 3572 vici·
1298 3507 1299 3592 i
