2632 4096
228 293 271 354 90
656 289 688 351 G.
708 289 805 350 Pbllll

231 443 393 506 comoedias
410 443 493 504 audio
508 454 537 505 et
551 453 655 524 specto
669 445 769 504 mimos
787 453 816 504 et
830 442 937 518 lyricos
952 440 1021 519 lego
1036 451 1066 503 et
1080 441 1236 504 Sotadicos

229 528 384 606 intellego;
398 527 547 606 aliquando
559 537 708 607 praeterea
722 527 818 604 rideo,
833 529 932 602 iocor,
947 525 1026 604 ludo,
1040 536 1128 604 mque
1140 529 1237 588 omnia

229 614 361 673 innoxiae
383 612 558 672 remissionis
580 628 686 688 genera
707 611 833 670 breviter
856 609 1028 689 amplecter,
1054 609 1139 670 homo
1160 628 1236 670 sum.

207 695 294 761 suec
314 713 385 754 vero
406 694 528 755 moleste
550 694 612 754 iero
633 693 706 754 hanc
723 712 791 754 esse
813 692 987 754 demonibus
1002 694 1237 754 meisenistima·

230 782 353 855 tionem,
374 787 404 837 ut
420 780 468 855 qni
488 780 619 837 nesciunt
633 776 699 836 talia
716 776 897 838 doctissimos
911 778 1097 854 gravissimos
1111 779 1262 836 sanctis-5

206 866 319 928 4simos
332 860 461 921 hominos
478 863 657 939 scriptitasse
672 877 718 918 me
736 861 863 920 scribere
878 863 1022 920 mirentur.
1048 860 1093 920 Ab
1110 859 1167 919 illis
1185 879 1239 919 au-

232 955 290 1006 tem
305 945 406 1022 quibus
422 953 520 1004 notum
539 953 584 1005 est
599 959 671 1022 quos
689 953 866 1022 quantosque
880 952 1012 1004 auctores
1031 961 1133 1020 sequar
1146 943 1238 1003 facile

231 1030 375 1106 impetrari
386 1045 474 1105 posse
490 1027 601 1088 conlido
616 1037 647 1087 ut
661 1043 755 1087 emere
769 1046 825 1104 me,
840 1026 893 1087 sed
907 1044 971 1086 cum
985 1025 1041 1087 illis
1057 1030 1148 1086 sinent
1162 1045 1238 1105 quo·

230 1129 292 1170 rum
311 1128 368 1170 non
387 1113 461 1171 seria
483 1111 567 1171 modo
588 1129 687 1171 vemm
707 1111 791 1171 ctiam
810 1111 890 1171 lusus
911 1112 1072 1188 exprimere
1092 1108 1237 1170 landabile

206 1203 286 1256 test.
308 1195 354 1255 An
368 1212 425 1272 ego
438 1213 541 1256 verear
556 1196 712 1274 (neminem
725 1196 895 1270 viventium,
908 1211 945 1253 ne
961 1211 1042 1271 quem
1059 1195 1087 1251 in
1103 1197 1276 1272 specierum
1306 1257 1307 1264 ,

232 1277 398 1340 adolationis
413 1279 550 1356 incidam,
562 1276 736 1354 nominabo)
751 1278 803 1338 sed
820 1293 878 1355 ego
891 1293 994 1337 verear
1006 1295 1043 1336 ne
1058 1295 1105 1336 me
1118 1294 1174 1336 non
1190 1297 1238 1338 sa·

232 1365 270 1424 tis
284 1362 386 1423 deceat
400 1361 477 1441 quod
497 1362 593 1422 daonii
609 1361 648 1424 Μ.
664 1360 795 1438 Tullium,
811 1360 844 1420 G.
858 1359 986 1437 Calvum,
997 1360 1126 1421 Asinium
1140 1360 1238 1421 Polio·
1306 1395 1307 1440 q

231 1464 308 1522 nom,
323 1445 361 1506 Μ.
376 1444 550 1522 Messallam,
567 1444 602 1517 Q.
619 1444 811 1521 Hortensium,
822 1443 862 1503 Μ.
873 1444 998 1520 Brutum,
1013 1442 1043 1502 1..
1061 1441 1178 1519 Sullam,
1198 1443 1236 1517 Q.
1306 1467 1307 1478 ¹

233 1527 373 1603 Catulum,
392 1527 428 1601 Q.
444 1528 629 1604 Scaevolam,
648 1528 778 1587 Servium
794 1526 966 1606 Sulpicium,
981 1527 1147 1605 Vononem,
1163 1526 1237 1586 Tor·
1306 1549 1307 1590 3

234 1621 364 1690 quatum,
390 1615 473 1671 immo
488 1610 663 1690 Torquatos,
683 1609 716 1670 G.
732 1611 907 1688 Memmium,
927 1608 1092 1687 Lentulum,
1110 1609 1274 1670 Gaetuli-15

234 1714 308 1772 cum,
323 1695 469 1756 Annaeum
484 1695 634 1773 Senecam,
649 1693 801 1771 Lucanum,
819 1703 849 1754 et
862 1696 990 1772 proxime
1005 1693 1169 1770 Verginium
1176 1693 1238 1755 liu-

232 1779 302 1857 lum,
318 1788 349 1839 et
362 1782 387 1842 sl
401 1797 463 1840 non.
474 1779 617 1839 sufiiciunt
632 1773 762 1856 exempla
773 1780 892 1856 privata,
908 1776 1002 1837 divum
1013 1775 1124 1854 lulium,
1140 1777 1238 1837 divum

207 1864 409 1940 6Augustum,
434 1863 527 1923 divum
554 1861 693 1938 Nervam,
721 1860 863 1922 Tiberium
886 1857 1058 1922 Caesarem?
1089 1859 1238 1922 Neronem

233 1948 308 2005 enim
322 1955 453 2023 transeo,
478 1948 603 2024 quamvis
625 1947 713 2006 sciam
734 1962 791 2005 non
812 1946 954 2022 corrumpi
975 1946 1002 2002 in
1019 1943 1144 2004 deterius
1160 1962 1237 2023 quae

232 2028 380 2106 aliquando
404 2031 486 2089 etiam
507 2048 522 2088 e
540 2027 636 2105 melis,
657 2028 710 2088 sed
729 2027 850 2090 honesta
871 2045 985 2088 manere
1000 2045 1072 2104 quae
1086 2030 1205 2105 saepius
1221 2037 1274 2089 em

232 2113 314 2171 bonis
330 2113 405 2171 liunt.
441 2111 518 2172 luter
532 2129 604 2190 quos
621 2109 669 2171 vel
684 2113 839 2190 praecipue
853 2110 1040 2171 numerandus
1056 2121 1101 2171 est
1115 2110 1145 2171 P.
1160 2110 1237 2172 ller-

232 2195 329 2273 gilius,
346 2193 497 2255 Cornelius
512 2195 629 2274 Nepos,
644 2204 675 2254 et
690 2198 766 2274 prius
780 2195 875 2255 Attius
887 2193 1063 2273 Enniusqne.
1092 2193 1157 2254 Nor
1172 2199 1236 2274 qui·

233 2280 298 2340 dem
311 2279 340 2338 hi
360 2287 526 2356 senatores,
554 2279 606 2338 sed
626 2280 760 2340 sanctitas
782 2295 890 2338 morum
907 2295 965 2338 non
980 2276 1063 2338 distet
1078 2278 1234 2338 ordinibus.

207 2362 335 2428 illecito
350 2373 461 2440 tannen,
478 2363 554 2441 quod
568 2361 610 2421 illi
624 2381 659 2422 sn
673 2363 795 2423 iecerint
809 2364 918 2422 nescio.
944 2361 1050 2422 Etiam:
1070 2361 1121 2422 sed
1136 2360 1178 2422 illi
1191 2364 1236 2421 iu·

233 2447 308 2507 dicio
331 2464 384 2508 sno
404 2457 537 2524 poterant
558 2463 626 2506 esse
648 2449 790 2522 contenti,
812 2445 878 2504 mihi
899 2446 1056 2505 modestior
1075 2448 1273 2507 constantiam

209 2541 280 2595 sert
299 2549 382 2609 qnam
402 2540 434 2590 ut
453 2532 521 2592 satis
536 2529 695 2590 absolutum
709 2539 807 2607 putem
822 2529 899 2607 quod
913 2548 931 2590 a
945 2547 993 2588 me
1002 2528 1151 2607 probetur.
1178 2527 1236 2588 lta·

231 2633 288 2693 que
303 2614 353 2675 bas
368 2614 505 2675 recitandi
520 2631 621 2674 causas
635 2630 759 2691 sequor,
774 2615 909 2691 primum,
926 2611 1003 2690 quod
1017 2614 1080 2690 ipse
1095 2614 1143 2689 qni
1159 2615 1235 2672 reci-

231 2707 271 2758 tat
288 2697 429 2774 aliquanto
443 2700 537 2758 acrius
549 2699 664 2774 scriptis
678 2699 737 2758 suis
751 2695 909 2756 auditorum
929 2697 1089 2756 reverentia
1103 2693 1234 2771 intendit,

232 2780 351 2854 deinde,
375 2779 451 2857 quod
466 2779 501 2840 de
517 2780 619 2857 quibus
634 2780 741 2840 dubitet
756 2781 835 2858 quasi
850 2798 887 2839 en
902 2777 1012 2838 consilii
1026 2781 1166 2839 sententia
1177 2787 1235 2838 sta·

94 2915 99 2922 .
208 2865 293 2927 etuit.
326 2861 414 2922 hlulta
431 2865 514 2922 etiam
535 2881 551 2922 a
568 2862 661 2923 multis
678 2861 860 2940 admonetur,
882 2872 913 2923 et
928 2864 953 2924 si
966 2879 1023 2921 non
1038 2860 1272 2940 admoneatur,3o

232 2945 298 3025 quid
315 2947 436 3024 quisque
451 2947 554 3006 sentiat
568 2949 707 3025 perspicit
722 2965 759 3007 ex
774 2946 854 3008 vultu
875 2944 966 3006 oculis
980 2955 1049 3006 nutu
1061 2962 1144 3005 mann
1157 2963 1233 3004 mur·

232 3048 311 3090 mure
326 3029 455 3098 silentio;
477 3047 550 3109 quae
572 3033 641 3092 setis
654 3031 761 3109 apertis
774 3032 849 3091 notis
863 3029 995 3090 indicium
1008 3029 1045 3089 ab
1063 3029 1234 3090 humanitate

190 3126 223 3178 10
231 3114 406 3175 discernunt.
434 3114 530 3192 Atque
551 3113 640 3190 adeo,
668 3116 694 3175 si
715 3114 760 3175 cui
780 3113 856 3174 lorte
869 3130 967 3174 eorum
982 3114 1029 3192 qui
1046 3112 1234 3173 mterluerum

231 3216 316 3260 curae
331 3199 417 3260 luerit
431 3198 531 3259 eadem
541 3197 590 3259 illa
601 3197 712 3275 legere,
726 3195 877 3274 intelleget
888 3216 933 3258 me
945 3195 1081 3275 quaedam
1096 3205 1143 3256 aut
1155 3213 1234 3256 com·

231 3292 356 3345 mntmse
367 3292 414 3345 snt
425 3285 616 3362 praeterisse,
629 3281 751 3342 fortasse
764 3283 896 3342 etiamen
907 3299 960 3342 suo
972 3278 1093 3356 iudicio,
1107 3281 1234 3358 manavir
1242 3287 1272 3342 et

190 3378 222 3427 11
232 3367 296 3444 ipse
308 3367 375 3426 nibil
385 3367 487 3427 dixerit
497 3365 574 3425 mihi.
588 3364 683 3443 Atque
693 3363 766 3425 haec
777 3366 815 3424 ita
827 3363 954 3444 disputo,
967 3365 1046 3442 quasi
1058 3361 1194 3441 populum
1205 3365 1234 3422 in

230 3450 414 3526 auditorium,
432 3467 488 3509 non
506 3451 534 3509 in
551 3447 714 3508 cubiculum
731 3449 838 3510 amicos
855 3448 1032 3524 advocerim,
1050 3463 1123 3524 quos
1134 3445 1232 3524 plures

231 3532 338 3593 babere
353 3532 448 3592 multis
462 3531 636 3610 gloriosum,
648 3530 865 3609 reprehensioni
881 3533 984 3592 nemini
997 3530 1059 3589 luit.
1087 3528 1169 3589 Vale.
