2632 4102
388 313 650 376 EPISTULARUM
666 314 715 375 111.
737 323 762 378 7.
781 325 809 378 8.
1058 313 1099 378 51

106 484 190 545 usque
201 466 235 527 ad
247 467 403 529 emacitatis
414 467 676 546 reprehensionem.
700 466 801 527 Plures
817 464 908 526 isdem
924 467 953 526 in
964 467 1038 528 locis
1049 468 1128 530 vil-c

106 549 143 611 las
159 551 321 629 possidebat
338 550 529 630 adamatisque
545 552 627 610 novis
644 551 756 628 priores
774 549 958 627 neglegebat.
982 549 1100 613 blultum

104 633 203 712 ubique
217 632 369 712 librorum,
387 633 504 694 multum
522 643 691 708 statuarum,
710 633 826 693 multum
843 635 1010 712 imaginum,
1030 653 1100 713 quas

103 735 155 778 uon
164 716 286 778 babebat
296 717 381 778 modo
392 736 491 778 verum
502 718 586 778 etiam
596 718 802 795 venerabatur,
821 717 941 795 Vergilii
958 726 1022 778 ante
1040 736 1100 777 om·

82 813 161 878 ones,
175 803 254 862 cuius
265 801 387 862 natalem
403 801 568 880 religiosius
581 819 662 879 quam
681 819 761 861 suum
776 800 958 878 celebrabat,
969 799 1100 880 'Neapoli

102 887 232 962 maxime,
257 887 305 946 ubi
322 887 522 947 monimentum
539 887 600 944 eius
619 885 697 946 adire
714 895 745 944 nt
761 885 898 964 templum
915 884 1037 946 solebat.
1066 883 1126 950 ln9

102 966 151 1028 bac
166 968 368 1046 tranquillitate
385 987 486 1029 annum
502 970 628 1048 quintum
645 979 675 1028 et
687 971 948 1046 septuagensimum
961 972 1098 1046 excessit,

102 1049 217 1112 delicato
235 1055 326 1131 magis
345 1069 468 1130 corpore
487 1070 570 1131 quam
585 1052 711 1120 infirm03
733 1063 821 1131 utque
832 1052 1100 1113 novissimusaNe·

101 1152 166 1194 rone
181 1135 275 1196 faetus
293 1143 338 1195 est
356 1135 474 1214 consul,
491 1138 529 1196 ita
546 1144 708 1214 postremus
726 1155 763 1196 ex
780 1137 909 1196 omnibus
927 1155 1000 1215 quos
1019 1135 1098 1198 Nero

70 1218 229 1281 loccnsules
241 1219 352 1279 fecerat
363 1219 499 1281 decessit.
520 1218 593 1279 lllud
611 1222 694 1279 etiam
710 1219 852 1298 notabile,
870 1219 983 1280 ultimus
994 1239 1031 1280 ex
1040 1219 1098 1280 Ne·
1108 1233 1142 1285 10

99 1304 214 1362 roniauis
234 1301 432 1363 consularibus
447 1303 517 1363 obiit
533 1320 590 1381 quo
609 1302 727 1364 consule
745 1301 824 1366 Nero
843 1305 936 1381 periit.
959 1303 1044 1376 Quod
1053 1323 1098 1362 me

100 1387 292 1448 recordantem
315 1385 475 1464 fragilitatis
491 1386 788 1448 bumanae‘miseratio
809 1387 896 1448 subit.
931 1386 1006 1459 Quid
1023 1389 1139 1451 ouimll

37 1483 40 1494 ’
99 1477 149 1529 tam
160 1471 369 1548 circumcisum,
381 1480 437 1531 tam
448 1471 538 1531 breve
550 1489 632 1549 quam
643 1470 762 1531 bominis
773 1473 829 1532 vita
847 1467 1032 1548 longissima?
1053 1470 1098 1530 An

99 1569 150 1612 ncn
168 1554 282 1615 videtur
296 1554 347 1615 tibi
364 1552 443 1614 Nero
459 1553 543 1614 modo
562 1553 647 1614 modo
665 1553 775 1617 fuisse?
801 1574 865 1615 cum
880 1557 993 1616 interim
1011 1573 1047 1614 ex
1063 1557 1097 1615 iis

66 1643 93 1694 15
101 1639 143 1715 qui
159 1639 211 1698 snb
228 1638 280 1699 illo
298 1648 455 1716 gesserant.
465 1639 641 1699 consulatum
657 1657 741 1699 nemo
757 1640 811 1700 iam
828 1648 972 1716 superest.
996 1637 1140 1712 Quam-12

100 1737 177 1800 qoam
194 1722 263 1801 qnid
281 1722 338 1782 boo
355 1719 462 1782 miror?
481 1741 573 1801 nuper
589 1721 620 1783 b.
639 1721 724 1801 Piso,
743 1723 945 1801 paterPisonis
962 1721 1038 1782 illius
1050 1723 1097 1800 qui

86 1802 235 1866 ¹allalerio
252 1805 343 1866 Festo
354 1824 408 1884 per
419 1824 555 1866 summum
567 1807 676 1868 facinus
687 1809 716 1866 in
727 1805 824 1867 Africa
842 1808 957 1867 occisus
975 1815 1038 1883 est,
1058 1805 1098 1866 di·

101 1904 164 1947 cere
181 1889 295 1950 solebat
311 1891 453 1950 neminem
476 1909 509 1950 se
532 1889 632 1950 ridere
649 1893 678 1950 in
696 1901 797 1951 senatu
814 1907 900 1969 quem
917 1888 1017 1952 consul
1034 1890 1098 1968 ipse

101 1975 261 2034 sententiam
277 1975 448 2051 rogavisset.
471 1972 539 2034 Tam
554 1977 680 2051 angustis
696 1975 824 2035 terminis
838 1982 931 2035 tantae
945 1973 1141 2035 multitud-13

65 2053 138 2114 lonis
154 2057 290 2118 vivacitas
307 2059 369 2135 ipsa
385 2057 578 2134 concluditur,
600 2065 630 2117 ut
641 2057 708 2117 milri
725 2075 782 2118 non
798 2060 882 2119 venia
892 2057 984 2120 solum
995 2058 1098 2136 dignae

99 2155 190 2198 verum
201 2143 287 2202 etiam
298 2140 381 2201 laude
392 2141 540 2202 rideantur
555 2139 621 2200 illae
639 2143 737 2218 regiae
755 2140 898 2202 lacrimae.
920 2141 992 2202 Nam
1004 2143 1098 2202 ferunt

99 2218 218 2302 Xerxen,
233 2243 299 2284 cum
310 2225 466 2285 inmensum
477 2226 634 2285 exercitum
645 2225 737 2286 oeulis
749 2225 870 2304 obisset,
889 2225 1096 2304 inlacrimasse,

100 2306 169 2383 quod
185 2317 229 2369 tot
244 2307 357 2368 milibus
372 2318 430 2368 tam
448 2308 544 2369 brevis
559 2310 716 2369 immineret
728 2326 859 2370 occasus.
882 2309 941 2370 Sed
951 2318 1029 2370 tanto
1039 2327 1096 2368 ma·
1106 2315 1141 2370 14

100 2390 141 2465 gis
157 2390 213 2452 lucc
232 2391 370 2470 quidquid
389 2401 434 2452 est
451 2393 589 2470 temporis
607 2392 695 2453 lutilis
713 2402 742 2453 et
761 2393 876 2471 caduci,
899 2394 924 2452 si
944 2410 1001 2452 non
1018 2391 1099 2452 datur

65 2475 93 2528 lo
101 2471 176 2534 lactis
189 2477 269 2555 (nam
279 2474 379 2535 horum
390 2477 506 2537 materia
516 2479 545 2534 in
555 2475 647 2536 aliena
663 2477 779 2554 manu),
798 2485 877 2536 certe
890 2476 989 2536 studiis
1001 2475 1098 2552 prole-

99 2573 196 2638 ramus,
212 2568 241 2619 et
254 2569 391 2637 quatenus
402 2558 485 2619 nobis
498 2558 655 2636 denegatur
666 2559 712 2619 diu
722 2562 833 2636 viuere,
846 2558 1036 2637 relinquamus
1048 2558 1098 2618 ali·

101 2641 161 2718 quid
172 2660 229 2722 quo
244 2659 299 2704 nos
315 2645 423 2704 vixisse
438 2651 583 2704 testemur.
607 2642 675 2702 Scio
687 2653 717 2703 te
729 2641 847 2702 stimulis
859 2661 916 2703 non
927 2661 1031 2720 egere;
1049 2662 1097 2704 me
1107 2651 1140 2704 15

100 2731 186 2787 tamen
202 2729 243 2788 tui
261 2728 361 2788 caritas
380 2735 483 2788 evocat
499 2735 530 2786 ut
549 2737 709 2787 currentem
727 2742 843 2806 quoque
856 2728 1004 2804 instigem,
1024 2728 1098 2789 sicut

100 2813 126 2864 tu
137 2809 213 2870 soles
223 2827 281 2871 me.
300 2801 425 2888 Ἀγαθὴ
437 2800 470 2870 d'
491 2807 575 2890 ἔρις,
595 2829 658 2871 cum
670 2811 792 2871 invicem
803 2829 835 2870 se
849 2813 953 2872 mutuis
967 2813 1098 2874 exhorta·

67 2892 216 2954 actionibus
226 2896 310 2955 amici
321 2894 356 2955 ad
372 2911 498 2955 amorem
508 2893 711 2956 inmortalitatis
726 2904 876 2956 exacuunt.
912 2895 992 2957 Vale.

557 3027 635 3088 Vlll.

246 3127 274 3182 G.
292 3126 419 3180 PLINIUS
435 3128 591 3181 SUETONIO
609 3129 818 3190 TRANQUILLO
838 3129 899 3182 SUO
917 3127 944 3179 S.

159 3229 240 3294 Facis
258 3250 311 3312 pro
328 3241 425 3294 cetera
442 3235 603 3295 reverentia
615 3251 698 3312 quam
714 3235 781 3294 milri
801 3243 931 3313 praestas
949 3229 1026 3311 quod
1043 3239 1124 3294 tcml

68 3312 220 3377 assollieire
237 3319 312 3394 petis
329 3326 360 3376 ut
376 3318 562 3394 tribunatum,
575 3336 659 3395 quem
670 3337 686 3380 a
696 3315 814 3378 Neratio
824 3315 980 3392 Marcello,
1000 3313 1099 3376 claris·
1163 3365 1170 3378 .

104 3397 168 3458 simo
178 3401 250 3478 viro,
261 3402 410 3479 impetrari
420 3401 483 3479 tibi,
500 3403 529 3460 in
541 3398 729 3462 Caesennium
741 3400 894 3474 Silvanum,
906 3399 1098 3476 propinquum

103 3487 191 3561 tuam,
207 3484 383 3545 transferam.
415 3483 484 3545 blibi
504 3494 598 3546 antem
616 3488 691 3546 sicut
707 3482 939 3544 iucundissimum
956 3485 1049 3561 ipsum
1066 3490 1122 3545 tei
1141 3494 1143 3500 ’

104 3565 234 3628 tribunum
250 3569 289 3628 ita
303 3585 361 3630 non
384 3570 475 3630 minus
499 3576 609 3647 gratum
633 3569 717 3629 alium
739 3586 793 3648 per
808 3576 838 3627 te
855 3565 965 3710 uidppe.
992 3564 1097 3646 lleque
