2616 4096
283 312 286 316 -
395 274 658 337 urrsruunuon
672 275 749 336 vur.
770 235 814 338 rs.
829 285 871 339 19.
1072 275 1136 338 uos

131 425 210 487 illius
225 429 382 506 asperitas,
399 427 468 486 mira
482 425 733 491 felicitashorum:
754 426 830 486 illius
845 427 1000 504 asperitas,
1021 431 1068 507 qui
1083 448 1133 490 nu-

130 528 214 570 mero
229 513 331 570 civium
346 510 451 570 excidit
465 528 550 590 quern
564 512 673 570 socium
687 512 770 570 etiam
784 512 812 569 in
829 509 928 570 liberis
941 510 1052 580 hahuit;
1068 512 1132 572 leli·

133 597 204 654 oitas
219 593 335 671 horum,
362 594 463 672 quibus
477 595 620 654 successit
634 596 662 653 iu
676 592 771 653 locum
783 594 871 672 patris
882 596 930 671 qui
945 603 1053 673 patrem
1067 595 1132 657 abs·

131 677 243 738 tulerat.
277 678 335 738 Sed
352 677 424 737 haec
439 694 554 756 quoque
569 676 711 737 hereditas
725 676 787 736 Afri
801 687 831 737 ut
845 676 953 755 reliqua
969 695 1031 736 cum
1046 677 1155 741 fratrc?

107 763 262 840 equaesita
274 761 485 821 transmittenda
501 769 579 820 eraut
594 760 667 820 liliae
683 761 786 838 fratris,
802 778 818 820 a
835 778 891 839 quo
906 760 1004 822 Tullus
1020 777 1056 822 ex
1066 779 1133 824 asse

130 846 218 904 lueres
239 846 382 905 institutus
403 844 603 923 praelatusque
629 843 702 904 lullae
727 845 836 922 luerat,
867 853 897 904 ut
922 844 1133 906 conciliaretur.
1159 865 1162 872 ·

131 926 197 1002 Quo
212 927 379 989 laudabilius
394 935 590 989 testamentum
602 937 659 1005 est,
675 929 751 1007 quod
766 929 857 1005 pietas
873 927 944 988 lides
956 928 1048 1006 pudor
1062 931 1133 989 scri·

129 1013 200 1090 psit,
212 1013 240 1070 in
255 1023 311 1090 quo
327 1007 448 1090 denique
469 1011 596 1072 omnihus
610 1011 797 1072 adfinitatibus
811 1028 863 1091 pro
883 1013 1020 1090 cuiusque
1035 1012 1132 1072 ollioio

130 1097 221 1172 gratia
234 1095 323 1154 relata
338 1105 397 1172 est,
413 1095 502 1155 relata
517 1104 546 1154 et
561 1097 653 1154 uxori.
674 1094 797 1174 Accepit
811 1097 1022 1154 amoenissimas
1036 1096 1158 1175 villas‚8

87 1198 123 1248 10
131 1181 246 1256 accepit
257 1197 384 1256 magnam
396 1181 544 1257 pecuniam
558 1195 631 1238 uxor
641 1179 744 1256 optima
756 1187 786 1237 et
797 1179 999 1257 patientissima
1009 1196 1043 1238 ac
1054 1188 1132 1241 tanto

130 1261 235 1322 melius
251 1261 286 1321 de
306 1263 368 1322 viro
384 1265 499 1339 merita,
516 1262 721 1340 quantomagis
738 1270 783 1322 est
798 1261 973 1340 reprehensa
987 1261 1063 1340 quod
1083 1281 1133 1322 nu-

130 1347 198 1424 psit.
218 1344 288 1405 llam
306 1345 406 1405 mulier
419 1345 558 1407 natalibus
571 1344 663 1422 clara,
678 1345 802 1404 moribus
817 1345 923 1423 proba,
937 1354 1030 1406 aetate
1045 1345 1132 1405 decli·

130 1431 188 1506 vie,
201 1428 247 1487 diu
260 1428 360 1507 vidua,
376 1439 466 1490 mater
481 1428 567 1507 olim,
582 1427 801 1507 parum'dccore
818 1437 917 1490 secuta
930 1431 1132 1490 matrimonium

130 1513 280 1572 videbatur
297 1512 390 1574 divitis
405 1515 499 1591 senis,
515 1515 552 1574 ita
565 1510 668 1591 perditi
682 1512 782 1572 morbo
799 1521 829 1572 ut
844 1530 911 1572 esse
926 1513 1020 1573 taedio
1032 1521 1132 1590 posset

89 1606 122 1658 15
130 1598 215 1655 uxori
229 1614 312 1675 quam
327 1599 438 1658 iuvenis
451 1615 594 1674 sanusque
610 1595 748 1656 duxisset.
774 1595 888 1675 Quippe
907 1598 1035 1658 omnibus
1046 1610 1157 1664 mem-9

132 1681 193 1740 bris
212 1689 340 1742 extortus
358 1691 387 1742 et
408 1681 514 1740 fractus
531 1689 621 1740 tantas
643 1696 716 1757 opes
736 1679 806 1739 solis
825 1678 917 1739 oculis
934 1681 1031 1740 obibat
1045 1697 1079 1741 ac
1095 1699 1131 1740 ue

130 1765 160 1822 in
174 1762 283 1823 lectulo
299 1763 412 1842 quidem
425 1766 479 1825 nisi
494 1764 530 1824 ab
544 1763 606 1823 aliis
620 1761 795 1822 movebatur.
817 1760 891 1834 Quin
906 1764 990 1822 etiam
1001 1761 1133 1841 (loeduru

130 1846 376 1925 miserandumque
397 1847 489 1924 dictu)
513 1848 613 1907 dentes
633 1845 768 1906 lavandos
789 1845 989 1925 fricandosque
1011 1847 1132 1924 praebe-

129 1930 189 1989 bat.
207 1930 340 1989 Auditum
354 1932 519 2010 frequenter
534 1948 571 1990 ex
584 1931 659 2009 ipso,
677 1948 741 1990 oum
755 1940 923 2008 quereretur
938 1930 974 1990 de
988 1939 1132 1990 contume-

86 2012 177 2078 soliis
187 2013 339 2073 debilitatis
349 2032 428 2092 suae,
441 2015 544 2092 digitos
560 2031 592 2074 se
604 2030 752 2073 servorum
763 2030 879 2075 suorum
891 2013 995 2074 cotidie
1011 2013 1130 2091 lingere.

130 2096 254 2156 Vivebat
267 2107 359 2158 tamen
376 2109 406 2158 et
419 2101 517 2158 vivere
536 2097 663 2174 volebat,
686 2106 861 2159 sustentante
885 2099 1004 2158 maxime
1029 2111 1175 2174 uxore,1o
1246 2175 1248 2178 Ι

131 2198 205 2258 quae
221 2179 333 2260 culpam
346 2181 471 2241 inchoati
485 2181 649 2241 matrimonii
663 2182 691 2239 in
706 2179 825 2258 gloriam
839 2183 1052 2260 perseverantia
1067 2199 1131 2241 ver·

130 2273 213 2324 terat.
249 2263 344 2324 Habes
365 2282 462 2326 omues
483 2263 592 2326 fabulas
614 2264 706 2324 urbis:
731 2282 794 2324 uam
814 2274 879 2324 sunt
901 2281 999 2324 omues
1019 2262 1174 2329 tatutaerr

131 2346 241 2407 Tullus.
256 2346 447 2427 Exspectatur
456 2349 559 2409 auctio.
581 2347 727 2407 Fuitenim
738 2356 794 2407 tam
807 2350 941 2427 copiosus
951 2355 981 2407 ιιι
992 2346 1131 2426 amplissi-

87 2446 193 2498 u5mos
209 2430 308 2492 hortos
323 2432 426 2492 eodem
442 2450 498 2511 quo
514 2439 620 2492 emeret
639 2430 684 2490 die
698 2432 861 2491 instruxerit
875 2430 1001 2510 plurimis
1016 2441 1046 2490 et
1062 2433 1131 2490 enti-

131 2517 273 2592 quissimis
289 2519 398 2576 statuis.
428 2515 545 2576 'lantum
563 2513 604 2574 illi
619 2514 872 2592 pulcherrimorum
890 2531 1007 2592 operum
1020 2515 1050 2572 in
1066 2514 1120 2573 hor

129 2600 206 2675 reis,
227 2617 298 2677 quae
319 2599 502 2677 neglegebat.
531 2599 656 2658 invicem
676 2607 717 2674 ιιι,
741 2596 851 2676 siquid
872 2599 936 2658 istic
954 2596 1075 2674 epistula
1090 2597 1130 2656 di·

131 2699 229 2759 gnum‚
240 2700 277 2741 ne
287 2700 415 2759 gravare.
437 2681 507 2742 Nam
521 2701 584 2742 oum
594 2699 677 2742 aures
688 2680 830 2740 hominurn
841 2683 966 2741 novitate
982 2680 1176 2759 laetantur,12

131 2774 190 2825 tum
205 2764 240 2824 ad
254 2767 390 2826 rationem
404 2769 479 2827 vitae
497 2765 637 2844 exemplis
652 2764 802 2824 erudimur.
832 2764 913 2824 Vale.

86 2861 123 2916 ³⁰
568 2893 687 2955 xnur.

408 2992 435 3043 G.
453 2993 578 3044 PLINIUS
597 2993 730 3044 MAXIMO
748 2992 808 3048 SUO
827 2993 854 3046 S.

194 3090 232 3152 El
245 3091 376 3169 gaudium
395 3093 462 3154 mihi
478 3103 507 3154 et
523 3095 659 3155 solacium
673 3098 701 3154 in
717 3094 836 3172 litteris,
857 3093 984 3172 nihilque
1002 3101 1057 3151 tam
1074 3091 1157 3155 lae-1

129 3186 189 3238 tutu
210 3177 288 3255 quod
307 3176 350 3236 his
372 3176 493 3253 laetius,
515 3188 570 3238 tam
589 3181 670 3238 triste
692 3179 769 3257 quod
787 3194 843 3237 nou
860 3195 913 3255 per
925 3177 976 3235 luas
991 3176 1028 3234 sit
1041 3175 1131 3234 minus

86 3270 122 3325 35
130 3261 223 3322 triste.
256 3258 357 3339 ltaque
379 3271 408 3320 et
423 3262 580 3322 infirmitate
596 3263 692 3322 uxoris
709 3272 738 3323 et
754 3278 880 3320 meorum
897 3257 1044 3338 periculo,
1062 3273 1132 3334 quo·

130 3344 246 3403 ruudam
267 3361 337 3404 vero
360 3347 443 3405 etiem
463 3355 555 3404 morte
577 3345 722 3422 turbatus,
743 3343 778 3404 ad
797 3345 911 3402 unicum
927 3340 1034 3401 doloris
1055 3339 1132 3400 leva·

130 3435 255 3487 mentum
275 3427 366 3488 studia
387 3428 521 3506 confugi,
544 3447 616 3506 quae
639 3437 782 3506 praestant
802 3435 833 3485 ut
853 3424 973 3485 aduersa
988 3425 1078 3501 magis
1091 3425 1132 3484 in·

130 3510 278 3590 tellegam,
291 3511 344 3572 sed
357 3512 508 3592 patientius
521 3512 618 3572 leram.
640 3511 694 3572 Est
705 3520 797 3572 autem
808 3509 874 3569 milri
886 3509 973 3568 moris
984 3507 1060 3588 quod
1071 3519 1159 3570 sumt
