2616 4096
213 260 276 324 202
520 258 554 320 C.
575 256 673 320 Phllll
691 257 740 320 El*
762 254 920 318 sarmul

607 409 698 472 vuu.
719 409 832 490 [xxva

552 506 716 560 TRAIANUS
732 507 839 559 PLINIO
858 503 886 562 S.

276 610 314 672 Et
326 613 470 691 privator
483 610 585 672 multas
602 620 631 671 et
643 625 743 670 omnes
755 608 886 688 publicas
898 625 998 669 causas
1011 605 1129 686 petendi
1145 623 1223 666 cona·

213 704 324 757 meatus
344 693 506 756 reddidisti:
528 694 595 754 mihi
616 703 709 754 autem
728 693 776 753 vel
800 692 863 754 sola
883 691 1014 752 voluntas
1027 700 1077 751 tua
1092 690 1223 750 sull'ecis·

213 789 270 840 set.
301 777 405 857 Neque
425 781 501 838 enim
521 777 620 839 duhito
637 787 685 855 te,
711 787 742 838 ut
755 779 874 856 primum
887 778 1033 855 potueris,
1060 775 1096 834 ad
1110 783 1168 834 tarn
1181 772 1242 836 ‹ti-s

212 866 345 923 strictum
361 861 488 922 oihcium
506 879 698 922 reversumm.
728 861 853 922 Statuam
869 863 936 939 poni
952 860 1018 920 mihi
1035 869 1096 919 ate
1112 875 1151 918 eo
1167 874 1223 937 qno

215 946 362 1007 desideras
379 945 463 1023 loco,
479 963 645 1025 quamquam
660 945 799 1006 eiusmodi
813 945 951 1005 honorum
965 944 1168 1023 parcissimus,
1184 953 1222 1003 ta·

214 1047 280 1090 mea
295 1032 400 1109 patior,
416 1049 452 1090 ne
467 1029 613 1109 inpedisse
631 1046 743 1089 cursum
759 1047 829 1107 erga
843 1047 889 1088 me
904 1031 1019 1108 piatatis
1033 1037 1099 1087 tuae
1112 1026 1222 1088 videar.

655 1181 693 1242 Χ.
722 1181 756 1241 V.

436 1281 463 1335 o.
483 1280 609 1332 surmus
625 1183 771 1331 nnnnlad
787 1279 1005 1344 uanuuunom,
1233 1210 1257 1261 ω

192 1404 209 1456 1
280 1385 463 1465 Exprimere,
479 1384 603 1463 domine,
619 1386 715 1446 verhis
727 1403 784 1445 non
799 1401 918 1464 possum
933 1393 1038 1463 quanto
1053 1401 1100 1442 me
1117 1382 1222 1462 gaudio

125 1530 129 1541 ,
215 1471 373 1532 adiecerint
395 1469 535 1547 epistulae
561 1479 645 1546 tuae,
671 1469 835 1548 exquibus
858 1471 981 1547 cognovi
1002 1477 1031 1529 te
1054 1466 1222 1546 Harpocrati

215 1553 373 1633 iatraliptae
388 1572 453 1614 meo
469 1563 498 1613 et
516 1551 735 1614 Alexandrinam
757 1554 899 1614 civitatem
918 1553 1071 1631 tribuisse,
1094 1553 1222 1631 quamvis

216 1636 372 1700 secundnm
393 1639 597 1698 institutionem
617 1638 778 1716 principum
797 1656 855 1699 non
869 1646 979 1697 temere
994 1654 1057 1697 eam
1072 1635 1141 1698 dare
1156 1649 1255 1716 pro-15

215 1724 375 1804 posuisses.
396 1720 471 1782 Esse
487 1731 581 1783 antem
595 1720 761 1800 Harpocran
775 1722 884 1801 νομοῦ
895 1720 1117 1800 Μεμφιτικοῦ
1127 1719 1222 1780 indico

190 1807 277 1874 etthi.
308 1805 394 1884 Rogo
405 1823 495 1885 ergo,
517 1805 763 1884 indulgentissime
779 1807 949 1885 imperator,
971 1814 1002 1866 ut
1012 1803 1078 1864 mihi
1093 1803 1129 1864 ad
1142 1803 1222 1864 Pom-

217 1891 314 1970 peium
328 1888 463 1966 Plantam,
482 1888 660 1967 praelectum
672 1890 811 1968 Aegypti,
825 1892 943 1950 amioum
957 1898 1051 1966 tuum,
1066 1891 1143 1948 sicut
1156 1905 1222 1966 pro·

216 1974 327 2048 misisti,
340 1971 491 2050 epistulam
501 1973 603 2034 mittas.
625 1972 744 2033 Obviam
755 1975 855 2052 iturus,
871 1991 928 2053 quo
939 1973 1085 2051 maturius,
1097 1973 1222 2048 domine,

217 2057 424 2134 exoptatissimi
439 2056 577 2118 adventus
596 2059 637 2117 tui
654 2058 758 2135 gaudio
772 2056 828 2118 imi
843 2059 964 2137 possim,
985 2074 1057 2134 rogo
1074 2058 1257 2135 permistum

216 2139 283 2199 mihi
299 2157 381 2218 quam
394 2139 561 2218 longissime
578 2158 731 2202 occurrere
742 2142 802 2203 tihi.

644 2275 697 2336 xl.
758 2275 780 2336 1.

439 2373 466 2423 G.
482 2374 609 2426 PLINIUS
623 2276 770 2426 TRAIA[Nv⁰
781 2277 998 2427 Juwuuhrour.

190 2491 207 2543 1
276 2474 404 2536 Proxima
423 2477 565 2539 iufirmitas
584 2495 666 2555 mea,
695 2477 824 2555 domine,
851 2476 990 2555 obligavit
1010 2494 1056 2536 me
1075 2475 1257 2546 Postumiam
1290 2479 1291 2492 ¹

216 2557 326 2619 hiarino
340 2559 467 2629 medioo;
489 2563 534 2622 cui
556 2578 653 2639 parem
667 2562 786 2638 gratiam
804 2561 915 2622 reierre
930 2561 1072 2622 henelicio
1087 2570 1137 2622 luo
1154 2578 1222 2639 pos-

217 2660 290 2719 sum,
307 2645 331 2704 si
347 2643 482 2723 precihus
499 2647 572 2704 meis
587 2663 625 2705 ex
641 2644 850 2705 consuetudine
863 2645 997 2706 honitatis
1013 2654 1078 2705 tuae
1095 2643 1223 2708 indulse-

189 2729 264 2794 2ris.
297 2724 382 2804 Rogo
403 2744 473 2806 ergo
491 2738 522 2790 ut
543 2731 711 2808 propinquis
732 2730 794 2789 eius
809 2727 861 2792 des
876 2731 1038 2808 civitatem,
1056 2726 1222 2808 Chrysippo

215 2807 381 2869 Mithridatis
393 2813 533 2890 uxorique
539 2811 694 2893 Chrysippi
700 2811 878 2873 Stratonicae
889 2811 1025 2892 Epigoni,
1041 2815 1109 2873 item
1123 2812 1222 2873 liberis

215 2891 344 2952 eiusdem
359 2890 511 2974 Chrysippi
519 2941 529 2973 ,
543 2895 677 2976 Epigono
691 2904 721 2957 et
735 2894 904 2975 Mithridati,
918 2897 957 2957 ita
971 2905 1001 2956 ut
1014 2899 1070 2957 sint
1084 2898 1114 2956 iu
1132 2898 1256 2976 patrisso

215 2984 360 3054 potestate
378 2986 466 3057 utque
488 2979 523 3039 iis
539 2981 566 3040 iu
582 2980 703 3042 lihertos
719 2991 850 3041 servetur
864 2983 908 3040 ius
922 2990 1114 3060 patronomm.
1149 2978 1222 3040 ltem

213 3077 288 3138 rogo
302 3059 451 3139 indulgeas
466 3064 510 3124 ins
524 3062 674 3136 Quiritium
686 3063 717 3124 L.
736 3065 827 3125 Satrio
842 3065 1006 3130 Abascanto
1022 3073 1051 3125 et
1067 3062 1100 3123 Ρ.
1115 3061 1221 3125 Oresio

213 3143 383 3224 Phosphoro
399 3155 427 3206 et
441 3145 614 3208 Panchariae
625 3147 764 3218 Soteridi;
780 3148 856 3228 quod
871 3167 887 3208 a
900 3158 931 3209 te
945 3147 1111 3210 volentibus
1125 3157 1220 3228 patro·

213 3228 257 3287 nis
271 3239 352 3308 peto.
372 3259 374 3264 v

623 3314 690 3376 ΧΠ.
709 3313 796 3396 [vu]
1226 3331 1255 3384 tt

434 3413 462 3466 G.
483 3412 609 3466 PLINIUS
627 3413 773 3466 TRAIANO
791 3414 998 3466 meduanum.

189 3523 204 3572 1
274 3512 361 3591 Scio,
376 3512 507 3592 domine,
522 3515 677 3575 memoriae
692 3526 775 3595 tuae,
800 3536 873 3596 quae
889 3526 935 3579 est
949 3518 1025 3579 hene
1041 3517 1162 3579 faciendi
1176 3525 1218 3578 te·
