2632 4096
372 320 635 392 EPISTULARUM
649 323 715 384 1111.
738 336 764 387 1.
778 337 806 389 2.
821 335 847 388 3.
1073 329 1115 393 67

106 471 254 534 mannulos
272 474 375 535 multos
387 471 426 534 'et
444 477 556 535 iunctos
571 484 601 536 et
615 475 739 556 solutos,
755 479 878 539 babebat
891 497 977 539 canes
991 483 1113 542 maiores

105 559 299 635 minoresque,
312 557 433 618 babebat
444 557 589 635 luscinias,
601 564 749 639 psittacos,
762 561 899 622 merulas:
912 563 1112 641 omnesRegn-

105 640 151 700 lus
166 641 243 700 circa
252 659 355 720 rogum
367 641 525 702 trucidavit.
554 641 617 702 Nec
635 643 718 704 dolor
735 653 795 706 erat
808 644 870 724 ille,
890 645 943 706 scd
962 651 1138 711 ostentatiod

105 720 222 785 doloris.
236 722 409 788 Convenitur
419 724 454 785 ad
466 743 530 785 eum
540 727 608 788 mira
621 727 797 789 celebritate.
825 726 926 790 Cuncti
938 729 1112 793 detestantur

77 807 243 885 eoderunt,
259 817 289 868 et
300 810 380 889 quasi
391 809 530 887 probent,
544 812 623 888 quasi
636 809 768 890 diligant,
789 822 902 875 cursant
918 813 1109 894 frequentant,

106 900 194 971 utque
208 893 335 952 breviter
347 891 423 972 quod
434 895 526 952 sentio
538 895 691 968 enuntiem,
706 897 734 955 in
745 894 859 973 Regulo
871 896 1042 958 demerendo
1054 898 1111 959 lle·

104 975 204 1053 guium
220 977 369 1037 imitantur.
401 974 493 1035 Tenet
507 995 540 1037 se
558 986 634 1038 trans
652 978 775 1038 Tiberim
791 981 820 1040 in
834 981 941 1058 bortis,
964 983 992 1040 in
1009 983 1135 1060 quibus5

105 1059 271 1120 latissimum
285 1059 377 1121 solum
389 1060 545 1138 porticibus
557 1063 707 1140 inmensis,
726 1065 815 1142 ripam
834 1065 933 1125 statuis
951 1065 1011 1125 suis
1023 1083 1110 1127 occu·

104 1145 199 1221 pavit,
217 1152 247 1203 ut
267 1146 351 1204 estin
365 1161 472 1205 summa
482 1143 811 1225 avaritia'sumptuosus,
832 1149 860 1206 in
877 1165 983 1208 summa
999 1149 1110 1212 infamia

61 1241 97 1292 ιο
105 1227 259 1304 gloriosus.
291 1227 386 1288 Vexat
410 1225 490 1305 ergo
508 1229 650 1289 civitatem
672 1229 887 1291 insaluberrimo
910 1240 1057 1310 tempore,
1081 1238 1135 1294 eto

106 1310 183 1390 quod
194 1319 280 1372 vexat
297 1311 434 1372 solacium
451 1320 539 1396 putat.
559 1312 636 1372 Dicit
647 1331 679 1372 se
690 1313 767 1372 velle
780 1313 886 1374 ducere
902 1332 1035 1374 uxorem:
1052 1316 1109 1376 boc

105 1411 237 1474 quoque,
257 1397 332 1455 sicut
350 1394 421 1472 alia,
441 1413 588 1473 perverse.
621 1395 730 1458 Audies
747 1397 827 1457 brevi
845 1399 957 1476 nuptias
971 1397 1133 1479 lugentia?

103 1480 216 1556 nuptias
233 1471 335 1548 senis?
347 1497 467 1558 quorum
483 1479 601 1540 alterum
613 1482 786 1541 immaturum
803 1481 922 1541 alterum
941 1499 1035 1541 serum
1054 1491 1107 1545 est.

103 1562 185 1623 Unde
196 1563 253 1623 boc
262 1581 386 1641 augurer
397 1565 526 1642 quaeris:
548 1579 604 1623 uon
623 1567 688 1644 quia
699 1565 824 1626 adfirmat
834 1567 909 1643 ipse,
923 1582 981 1643 quo
995 1562 1134 1637 menda-8

60 1653 94 1703 15
104 1646 242 1706 oiusnibil
256 1655 309 1724 est,
322 1646 374 1706 sed
387 1650 452 1727 quia
469 1655 577 1707 certum
588 1656 632 1708 est
643 1648 785 1727 Regulum
797 1667 864 1709 esse
878 1648 1015 1709 iacturum
1028 1651 1106 1729 quid-

103 1729 170 1809 quid
183 1730 243 1790 iieri
254 1747 310 1790 non
324 1739 447 1809 oportet.
477 1730 558 1792 Vale.

579 1863 629 1927 ΙΙΙ.

365 1929 398 2014 οξ
412 1963 538 2015 aurnuns
557 1964 721 2017 anromno
740 1965 800 2018 suo
820 1965 847 2020 e.

58 2073 96 2126 ²0
170 2063 254 2137 Quod
267 2063 357 2124 semel
369 2073 454 2144 atque
466 2067 569 2126 iterum
580 2067 678 2126 consul
690 2067 767 2127 luisti
779 2068 876 2128 similis
887 2070 1019 2147 antiquis,
1031 2069 1133 2148 quodl

101 2147 257 2228 proconsul
274 2146 380 2225 Asiae,
404 2148 496 2227 qualis
513 2158 578 2209 ante
594 2159 639 2228 te,
663 2150 755 2231 qualis
775 2160 887 2230 postte
906 2154 954 2212 vix
972 2171 1043 2213 unus
1061 2163 1109 2214 ant

101 2232 175 2293 alter
192 2233 265 2312 (non
281 2234 347 2292 sinit
363 2235 436 2293 enim
452 2250 497 2292 me
513 2233 686 2295 verecundia
704 2245 751 2295 tua
773 2235 870 2296 dicere
891 2237 1009 2314 nemo),
1032 2236 1108 2315 quod

102 2317 268 2392 smetinte,
290 2316 366 2395 quod
385 2318 566 2392 auctoritate,
591 2327 684 2379 aetate
701 2336 816 2398 quoque
827 2321 961 2398 princeps
974 2321 1106 2391 civimtis,

102 2409 148 2460 est
160 2398 274 2477 quidem
286 2400 450 2461 venerabile
463 2410 493 2460 et
506 2401 668 2480 pulchrum
689 2421 745 2479 ego
761 2413 855 2464 tamen
868 2411 898 2463 te
908 2402 957 2462 vel
972 2405 1062 2479 magis
1079 2406 1107 2462 in

57 2484 317 2548 acremissionibus
332 2486 427 2544 miror.
462 2484 541 2544 Nem
553 2488 734 2547 severitatem
748 2488 831 2547 istam
850 2489 910 2564 pari
933 2485 1132 2568 iucunditatet

104 2567 222 2628 condire
242 2585 422 2647 summaeque
440 2570 570 2646 gravitati
592 2577 695 2630 tantum
714 2571 854 2630 comitatis
877 2569 1031 2646 adiungere
1050 2586 1107 2629 non

101 2652 195 2712 minus
209 2650 324 2712 difficile
336 2669 418 2732 qnam
427 2670 558 2731 magnum
571 2661 624 2712 est.
645 2651 678 2713 ld
688 2662 718 2712 tu
731 2655 795 2712 c'nm
813 2652 971 2713 incredibili
988 2651 1106 2732 quadam

102 2736 242 2796 suavime
258 2752 418 2795 sermonum
432 2745 490 2796 tum
507 2735 555 2795 vel
569 2739 724 2815 praecipue
742 2735 808 2796 stilo
827 2736 1003 2816 adsequeris.
1036 2736 1132 2802 Namtt

101 2827 132 2879 et
154 2818 283 2896 loquenti
302 2819 353 2879 tibi
371 2819 420 2880 illa
436 2819 580 2879 Homerici
599 2821 678 2881 senis
701 2819 785 2881 mella
802 2820 958 2900 profluere,
979 2830 1010 2882 et
1032 2839 1105 2900 quae

61 2903 205 2968 aesonius
218 2902 363 2981 complere
376 2921 447 2982 apes
461 2902 576 2962 boribus
588 2913 617 2964 et
634 2906 781 2964 innectere
798 2905 935 2965 videntur.
968 2904 1010 2966 lta
1027 2914 1105 2965 certe

101 3004 165 3048 sum
177 2985 307 3046 adlectus
320 2987 401 3065 ipse,
425 3005 488 3046 cunr
504 2985 612 3047 Graeca
625 2989 824 3066 epigrammata
837 2997 901 3065 tua,
922 3006 986 3048 eum
997 2990 1105 3048 iambos

7 3085 13 3096 '
101 3072 231 3148 proxime
250 3070 385 3147 legerem.
422 3069 561 3143 Quantum
578 3071 616 3130 ibi
633 3071 808 3132 humanitatis
831 3073 1005 3148 venustatis,
1025 3080 1133 3152 quaml

101 3152 269 3230 dulciailla,
289 3172 371 3232 quern
382 3157 515 3230 amantia,
536 3171 619 3232 quam
633 3163 746 3233 arguta,
765 3153 950 3234 quamrecta!
974 3151 1104 3214 Uallima-

102 3237 186 3298 clrnm
203 3255 250 3297 me
266 3236 314 3296 vel
329 3236 463 3298 lleroden
479 3235 527 3296 vel
545 3239 569 3296 si
584 3237 651 3316 quid
660 3239 705 3298 his
718 3238 818 3298 melius
829 3247 927 3298 tenere
939 3236 1104 3307 credebam

59 3327 92 3382 35
101 3339 222 3401 quorum
238 3330 330 3381 tamen
343 3329 445 3382 neuter
461 3330 609 3400 utrumque
622 3330 668 3381 ant
680 3321 801 3382 absolvit
817 3329 864 3381 aut
876 3321 975 3397 attigit.
1008 3319 1130 3382 Humi-5

98 3423 202 3465 nemne
221 3404 376 3466 Romanum
394 3414 450 3466 tam
470 3402 579 3465 Graece
596 3403 697 3485 loquil
717 3404 782 3464 Nou
801 3403 910 3464 medius
928 3403 1009 3462 lidius
1026 3405 1103 3482 ipsas

98 3487 227 3550 Athenas
248 3497 303 3549 tam
319 3487 428 3549 Atticas
453 3487 579 3548 dixerim.
615 3487 692 3562 Quid
714 3483 821 3548 multu?
850 3485 963 3546 invideo
987 3483 1104 3548 Graecis

99 3573 178 3644 quod
194 3571 307 3634 illorum
322 3572 418 3650 lingua
433 3572 560 3632 scribere
576 3571 707 3632 maluisti.
731 3571 834 3650 Neque
851 3571 1104 3715 sniapponieotura
