2614 4104
199 281 263 346 266
372 289 375 296 “
623 278 775 342 curanti

199 451 263 495 nam
284 442 315 494 et
337 433 449 493 restitui
470 433 622 512 oportebat
642 451 715 511 quos
735 432 889 496 sustulerat
907 432 998 496 malus
1018 436 1156 513 princeps
1178 442 1209 495 et

198 517 261 578 tolli
275 518 433 586 restitutos.
469 514 501 575 lu
516 518 551 578 iis
568 518 643 576 enim
655 534 728 596 quae
742 535 759 578 a
771 517 853 578 malis
868 517 945 578 bene
960 517 1029 580 liunt
1042 517 1090 578 bic
1106 527 1208 578 teneu-
1301 511 1302 570 l

199 600 253 661 dus
268 610 314 662 est
327 599 428 661 modus
443 609 473 660 ut
488 610 624 678 appareat
637 611 784 661 auctorem
797 599 1000 679 displicuisse,
1017 619 1076 661 nou
1088 601 1207 664 lactum.

197 683 276 746 ldem
297 701 369 760 ergo
384 683 509 762 populus
523 683 574 744 ille
590 683 740 763 aliquando
754 686 880 745 scaenici
896 685 1076 762 imperatoris
1091 694 1209 763 specta·

198 777 245 828 tor
260 777 290 827 et
303 767 437 844 plausor,
452 785 527 829 nuuc
537 768 566 826 in
578 769 754 845 pantomimis
765 785 882 846 auoque
893 776 1041 829 aversatur
1051 775 1081 828 et
1092 767 1234 832 damnate

198 851 377 912 effeminatas
392 859 469 912 artes
484 860 514 910 et
533 851 669 912 indecora
684 849 803 912 saeculo
819 849 920 913 studia.
953 849 1001 910 Ex
1016 869 1073 930 quo
1087 851 1208 914 umuile-

198 945 274 996 stum
289 943 335 994 est
345 935 503 1013 principum
513 933 691 1013 disciplinam
703 951 808 1012 capere
821 937 907 995 etiam
917 933 1038 1013 vulgus,
1057 952 1123 996 cum
1133 952 1207 1012 rem,

198 1019 224 1079 si
238 1017 274 1076 ab
290 1034 347 1077 uno
363 1017 429 1095 liat,
444 1019 655 1080 severissimam
668 1019 792 1080 iecerint
805 1035 914 1078 omnes.
934 1017 1029 1078 Macte
1043 1017 1098 1078 bac
1113 1021 1208 1096 gravi·

197 1102 264 1162 tatis
279 1099 386 1179 gloria,
410 1099 531 1177 Caesar,
553 1119 609 1180 qua
629 1111 803 1163 consecutus
824 1120 858 1162 es
874 1112 905 1162 ut
924 1101 1001 1181 quod
1015 1111 1098 1162 antea
1114 1103 1209 1164 viset

198 1187 346 1263 imperium
358 1203 432 1244 nunc
446 1201 542 1245 mores
555 1195 736 1246 uocarentur.
770 1182 988 1264 castigaverunt
1001 1187 1069 1245 vitia
1082 1203 1135 1245 sua
1149 1187 1207 1264 ipsi
1218 1201 1253 1252 ιο

199 1271 248 1348 qui
262 1269 394 1346 castigari
405 1269 601 1347 merebantur,
616 1270 758 1347 iidemque
770 1268 967 1330 emendatores
979 1271 1029 1347 qui
1039 1268 1208 1330 emendandi

198 1352 321 1414 luerunt.
354 1351 455 1430 ltaque
475 1369 560 1412 nemo
576 1351 613 1412 de
627 1355 783 1415 severitate
805 1363 853 1412 tua
867 1355 1012 1430 queritur,
1038 1361 1069 1412 et
1082 1351 1208 1412 liberum

198 1447 244 1498 est
261 1437 352 1515 queri.
380 1435 440 1498 Sed
451 1453 515 1494 oum
530 1438 569 1496 ita
584 1447 767 1515 conparatum
783 1438 820 1496 sit
834 1445 865 1496 ut
879 1435 916 1496 de
926 1435 1005 1496 nullo
1020 1436 1113 1496 miuus
1128 1438 1207 1515 prin·

197 1521 264 1597 cipe
280 1528 433 1598 querantur
443 1518 574 1580 homiues
589 1537 671 1598 pam
686 1521 791 1599 dequo
807 1522 924 1582 maxime
937 1519 1024 1596 licet,
1040 1527 1089 1579 tuo
1101 1521 1130 1579 iu
1141 1538 1205 1580 sae·

198 1601 265 1664 culo
289 1601 358 1662 nihil
381 1611 427 1663 est
446 1620 504 1682 quo
518 1621 576 1663 nou
591 1620 674 1664 omne
691 1603 834 1664 bominum
847 1621 940 1681 genus
954 1603 1076 1664 laetetur
1090 1613 1121 1664 et
1134 1611 1252 1681 gau-15

197 1687 273 1748 deat.
303 1687 375 1748 Boni
390 1688 601 1767 provebuntur,
624 1686 705 1766 mali,
729 1691 777 1766 qui
793 1696 839 1748 ost
854 1687 1099 1766 tranquillissimus
1113 1696 1205 1748 statas

198 1772 337 1848 civitatis,
352 1789 408 1832 neo
423 1773 522 1832 timent
536 1789 592 1832 uec
606 1773 748 1832 timentur.
776 1769 902 1832 Mederis
916 1771 1080 1848 erroribus,
1095 1770 1148 1832 sed
1163 1773 1206 1831 iu·

197 1853 390 1933 plorantibus,
412 1855 602 1934 omnibusque
618 1873 692 1934 quos
709 1855 802 1915 bonos
822 1854 893 1916 lacis
916 1853 990 1915 hauc
1007 1853 1129 1915 adstruis
1144 1853 1205 1916 lau·

197 1937 262 1998 dem
275 1956 312 1997 ne
327 1940 463 2013 coegisse
477 1939 612 1999 videaris.

146 2019 187 2085 47
263 2017 356 2092 Quid?
366 2023 462 2098 vitam,
478 2019 566 2100 qnid?
577 2039 672 2084 mores
683 2024 834 2084 iuventutis
846 2039 929 2101 mam
940 2019 1136 2101 principaliter
1146 2021 1252 2088 ior-20

199 2103 272 2164 mas!
293 2102 387 2176 Quem
400 2103 539 2164 bonorem
550 2104 662 2166 dicendi
678 2108 836 2184 magistris,
853 2123 937 2184 quam
951 2105 1143 2183 dignationem
1158 2125 1206 2168 sa·

196 2188 322 2266 pientiae
338 2187 504 2249 doctoribus
518 2188 620 2251 babes!
640 2190 677 2250 Ut
691 2191 744 2252 sub
759 2199 789 2250 te
803 2190 933 2268 spiritum
948 2197 977 2249 et
991 2191 1158 2268 sanguinem
1174 2200 1205 2250 et

196 2273 314 2349 patriam
332 2281 507 2349 receperunt
523 2272 629 2334 studia!
655 2292 728 2352 quae
743 2275 868 2353 priorum
882 2282 1041 2352 temporum
1055 2275 1204 2334 inmanitas

197 2355 292 2417 exiliis
309 2357 461 2435 puniebat,
484 2375 549 2418 cum
565 2358 620 2418 sibi
634 2359 765 2417 vitiorum
780 2358 904 2417 omnium
919 2360 1053 2418 conscius
1065 2357 1204 2435 princeps

196 2441 325 2500 inimicas
339 2442 416 2501 vitiis
430 2448 506 2500 artes
520 2457 577 2501 non
593 2440 659 2501 odio
675 2443 764 2518 magis
779 2457 862 2520 quam
873 2443 1035 2502 reverentia
1047 2438 1204 2518 relegaret
1213 2454 1250 2506 ἥ

196 2523 235 2583 At
249 2532 280 2583 tu
295 2522 411 2584 easdem
424 2533 500 2584 artes
515 2525 543 2585 iu
560 2524 701 2602 conplexu
718 2525 810 2586 oculis
821 2524 936 2586 auribus
950 2524 1051 2585 babes.
1071 2523 1204 2585 Praestm

198 2608 272 2666 euim
287 2624 483 2686 quaecumque
495 2610 692 2686 praecipiunt,
716 2618 879 2688 tantumque
893 2627 943 2669 eas
958 2607 1055 2686 diligis
1070 2616 1205 2686 quantum

197 2689 232 2750 ab
246 2688 304 2750 illis
320 2690 459 2767 probaris.
477 2692 522 2751 Au
536 2693 684 2771 quisquam
694 2692 786 2753 studia
797 2692 973 2752 humanitatis
985 2691 1136 2770 professus
1147 2707 1205 2751 nou

198 2791 261 2833 cum
269 2774 360 2834 omnia
373 2781 420 2834 tua
431 2783 489 2834 tum
500 2775 549 2834 vel
561 2777 589 2834 in
603 2777 699 2854 primis
709 2775 839 2838 laudibus
852 2775 925 2837 ierat
932 2775 1135 2838 admissionum
1143 2785 1203 2836 tua·
1301 2803 1302 2810 ¹

196 2873 258 2914 rum
273 2853 460 2955 facilitatem?
491 2856 596 2935 llaguo
609 2860 722 2937 quidem
736 2861 830 2920 animo
846 2877 949 2939 pareus
968 2869 1035 2921 tuus
1048 2858 1123 2920 bauo
1135 2868 1202 2948 apte
1212 2874 1249 2928 3⁰

196 2956 426 3100 {mittut
437 2942 1204 3106 titttltttu“tlttttttipttttttti

196 3116 252 3168 set.
280 3105 371 3179 Quam
386 3106 461 3168 beue
479 3126 544 3169 cum
558 3109 639 3171 titulo
654 3113 710 3172 isto
725 3112 851 3172 moribus
864 3112 919 3172 tuis
936 3113 1089 3188 convenit,
1106 3129 1204 3190 quam·

196 3209 253 3269 que
274 3193 366 3250 ouunia
388 3192 431 3253 sic
452 3191 539 3270 iacis,
565 3203 705 3274 tamquam
724 3213 781 3256 uon
800 3194 873 3257 elius
887 3193 1082 3272 inscripserit!
1117 3193 1204 3268 Quod

196 3276 270 3334 euim
285 3273 395 3352 iorum,
411 3293 483 3353 quae
499 3278 604 3355 templa
619 3286 673 3338 tam
689 3275 835 3340 reserata?
859 3277 927 3338 Non
941 3275 1113 3357 Capitolium
1127 3279 1248 3357 ipsa-35

196 3375 253 3435 pue
268 3356 318 3418 illa
336 3357 496 3435 adoptionis
511 3369 577 3422 tuae
593 3360 680 3422 sodes
693 3364 784 3440 magis
799 3361 931 3441 publica,
957 3363 1049 3439 magis
1068 3364 1202 3422 omnium.

196 3437 273 3500 llulli
292 3441 411 3518 obices,
438 3442 507 3503 nulli
531 3445 762 3506 contumeliarum
780 3444 903 3523 gradus,
930 3447 1132 3524 superatisque
1147 3447 1202 3506 iam

196 3519 275 3582 mille
291 3521 431 3584 liminibus
446 3524 518 3586 ultra
539 3545 654 3606 semper
674 3527 767 3607 aliqua
782 3528 850 3588 dura
871 3539 902 3590 et
920 3529 1068 3590 obstantia.
1098 3526 1202 3607 llagna

754 3953 851 4052 Χ
