2616 4096
253 312 515 375 EPISTULARUM
528 313 619 373 vllll.
640 324 877 379 8.9·10.11.1u.
1006 313 1067 379 179
1087 395 1091 401 .

57 466 218 528 cunctatio!
236 485 317 546 quam
335 467 395 545 pari
412 466 485 528 libra
501 469 624 545 grauitas
642 466 832 546 comitasque!
854 467 930 547 quod
945 466 1066 528 studium

55 548 230 613 litterarum!
252 547 328 629 quod
341 549 488 611 iudicium!
509 567 564 630 qua
579 552 687 628 pietate
703 569 767 611 com
781 548 968 612 dissimillimo
984 561 1065 628 patre
1115 555 1118 558 ’

55 633 187 695 vivebat!
208 652 289 712 quam
302 651 359 694 uon
377 635 506 694 obstabat
523 634 564 694 illi
580 651 636 712 qno
652 635 743 695 miuus
756 636 801 693 vir
816 635 939 714 optimus
952 633 1065 695 videre·

57 730 104 779 tur
131 718 287 796 quoderat
309 719 432 796 optimus
454 717 541 778 lilius!
568 717 626 778 Sed
649 719 715 796 quid
737 716 866 778 dolorem
886 727 963 779 tuum
985 717 1065 778 oxul-

32 799 152 864 5oeroi
174 800 346 881 Quamquam
361 803 403 861 sic
423 803 521 863 amasti
534 803 672 862 'iuvenem
694 810 725 863 ut
743 801 799 862 hoc
814 803 911 880 potius
927 819 1012 880 quam
1030 801 1093 866 dos

57 884 110 948 illo
128 883 207 946 sileri
221 885 309 954 vebs:
335 903 352 945 a
373 901 418 944 me
438 887 623 965 praesertim,
646 887 725 944 cuius
748 885 960 965 praedicatione
981 894 1065 965 putas

56 972 144 1030 vitam
158 970 220 1028 eius
237 969 346 1046 ornari,
375 971 538 1029 memoriam
558 970 724 1049 prorogari,
748 971 897 1048 ipsamque
913 969 989 1030 illam
1010 987 1065 1047 qua

59 1063 105 1115 est
116 1062 215 1132 raptus
228 1061 349 1114 aetatem
362 1069 450 1131 posse
464 1054 584 1113 restitui.
618 1051 700 1112 Vale.

544 1185 582 1246 tt

346 1285 372 1336 G.
392 1285 519 1339 PLINIUS
537 1283 653 1336 oscito
663 1283 731 1350 ‘SUO
751 1284 777 1336 S.

123 1386 216 1464 Cupio
239 1389 404 1466 praeceptis
424 1387 479 1448 tuis
501 1403 618 1466 parere:
640 1387 692 1448 sed
707 1403 839 1466 aprorum
852 1394 929 1448 tauta
945 1388 1062 1466 penuria
1076 1403 1088 1453 1

59 1483 104 1534 cst
121 1481 152 1532 ut
166 1469 311 1531 Minervae
330 1479 360 1532 ct
373 1469 497 1546 Dianae,
523 1488 592 1549 quas
610 1472 652 1531 ais
667 1473 774 1550 pariter
789 1470 942 1548 colendas,
957 1487 1063 1532 coure-

58 1559 120 1616 nire
135 1573 192 1615 uon
205 1556 318 1634 possit.¹
339 1552 438 1634 ltaque
457 1553 603 1614 llinervm
616 1564 724 1615 tautum
740 1553 919 1616 serviendum
936 1564 997 1633 est,
1013 1553 1089 1621 don

21 1656 49 1706 15
59 1640 145 1701 licatc
160 1649 271 1716 tamen,
291 1647 322 1698 ut
339 1641 368 1698 in
382 1656 503 1700 secessu
517 1647 547 1699 et
560 1648 678 1700 aestate.
707 1638 739 1699 ln
755 1639 801 1699 ria
816 1638 901 1718 plane
917 1637 1064 1699 nonnulla

58 1725 167 1785 leviora
183 1724 333 1803 statimque
349 1720 470 1783 delenda
485 1739 519 1782 ea
540 1721 705 1799 garrulitate
727 1741 780 1802 qua
801 1739 949 1783 sermones
969 1723 996 1780 in
1013 1721 1069 1781 ve·‘

58 1806 155 1867 biculo
182 1816 315 1866 seruntur
336 1806 459 1867 extendi.
497 1804 549 1866 llis
576 1805 713 1884 quaedam
734 1804 826 1866 addidi
845 1807 873 1865 in
893 1804 977 1882 villa,
1000 1820 1065 1864 cum

58 1888 134 1952 aliud
147 1907 204 1950 nou
219 1889 331 1950 liberet.
355 1888 455 1968 ltaque
468 1895 601 1969 poemata
617 1891 778 1968 quiescunt,
794 1907 867 1969 quae
883 1899 912 1950 tu
927 1891 1000 1949 inter
1013 1907 1063 1948 ue·

58 1992 139 2035 mora
156 1983 185 2034 et
199 1974 281 2035 lucos
297 1973 524 2035 commodissime
536 1973 636 2051 perlici
647 1984 738 2052 putas.
760 1971 969 2035 Oratiuuoulam
981 1983 1089 2036 unauna

20 2058 176 2130 ooaltemm
189 2060 353 2128 retractavi:
380 2075 546 2139 quamquam
559 2054 587 2115 id
600 2075 694 2134 genus
712 2059 809 2138 operis
822 2057 987 2136 inamabile,
1006 2058 1064 2117 ina·

59 2160 191 2204 moenum
211 2143 358 2223 magisque
382 2142 526 2204 laboribus
546 2142 619 2202 ruris
642 2159 724 2220 quam
744 2141 938 2220 voluptatibus
959 2140 1062 2202 simile.

58 2225 139 2288 Vale.

21 1245 50 1293 10

20 2491 50 2542 ᾗ
347 2458 374 2510 G.
391 2457 516 2510 PLlNlUS
534 2359 656 2509 GXEIMINO
672 2455 733 2508 SUO
751 2455 778 2510 S.

118 2552 279 2638 Epistulam
299 2567 376 2618 tuam
396 2557 623 2620 iucundissimam
644 2559 764 2636 accepi,
783 2575 819 2618 eo
833 2558 970 2633 maxime,
987 2554 1088 2635 quodl

59 2642 166 2722 aliquid
186 2641 221 2701 ad
237 2651 267 2702 ta
285 2643 372 2703 scribi
390 2641 510 2704 volebas
530 2643 607 2721 quod
625 2641 706 2702 libris
723 2641 810 2702 inseri
824 2649 935 2718 posset.
968 2638 1064 2700 Obve-

57 2729 116 2788 uict
130 2727 259 2804 materia,
275 2725 322 2786 vel
337 2726 410 2786 hacc
422 2727 484 2806 ipsa
498 2744 581 2805 quam
591 2733 731 2786 monstras
743 2724 791 2783 vel
802 2725 897 2802 potior
907 2723 971 2783 alia.
993 2723 1064 2784 Sunt

59 2813 134 2871 enim
148 2813 178 2870 iu
191 2810 245 2872 lroc
259 2809 431 2870 offendicula
445 2809 593 2872 nonnulla:
617 2807 772 2870 circumfer
786 2807 899 2885 oculos,
918 2817 947 2868 et
962 2825 1064 2868 occur·

22 2903 130 2964 sorent.
155 2891 332 2973 Bibliopolas
346 2892 474 2972 Lugduni
486 2911 553 2955 esse
567 2910 624 2954 nou
639 2893 782 2972 putabam
794 2910 829 2953 ac
839 2900 916 2953 tauto
929 2891 1091 2959 libentiusb

60 2995 96 3038 ex
110 2978 214 3040 litteris
228 2980 284 3038 tuis
300 2979 422 3055 cognovi
437 2977 575 3039 venditari
585 2977 703 3038 libellos
714 2994 806 3054 meos,
825 2977 927 3056 quibus
939 2995 1065 3055 peregre

59 3081 173 3124 manere
195 3065 311 3140 gratiam
333 3079 415 3141 quam
440 3063 469 3122 iu
494 3061 565 3123 urbe
588 3061 759 3139 collegerint
781 3059 921 3120 delector.
954 3059 1064 3138 lncipio

60 3149 133 3208 enim
148 3148 217 3207 satis
231 3145 391 3207 absolutum
406 3147 577 3223 existimare,
591 3145 628 3206 de
640 3153 696 3225 quo
708 3154 783 3206 tauta
794 3143 957 3204 diversitate
968 3143 1064 3218 regio·

58 3249 124 3290 nom
140 3231 263 3292 discreta
276 3231 418 3291 bominum
433 3229 535 3291 iudicia
552 3231 740 3290 consentiunt.
770 3227 852 3289 Vale.

345 3463 373 3519 G.
394 3461 521 3515 PLINIUS
528 3363 658 3514 ²IKUISIORI
674 3460 734 3514 SUO
755 3461 783 3515 S.

124 3563 288 3644 Castigabat
312 3565 423 3644 quidam
446 3564 532 3625 lilium
548 3583 647 3644 suum,
673 3563 749 3644 quod
767 3561 852 3642 paulo
873 3561 1089 3677 spmptuosiusi

21 3323 51 3375 35
