2614 4104
364 321 684 388 rnhuouulcusea.
698 334 798 389 seat
1015 327 1077 392 291

63 493 130 554 que
148 491 250 534 arcana
265 474 410 536 noscendo
425 476 516 538 famae
531 478 667 554 proponit
680 486 766 556 atque
784 477 916 557 explicat.
938 478 998 540 Sed
1014 480 1077 559 trbi,

63 557 198 634 Caesar,
223 556 291 618 nihil
312 559 550 621 accommodatius
570 560 658 620 fuerit
679 558 713 621 ad
733 560 853 638 gloriam
870 580 951 641 quam
964 564 1078 642 penitus

61 641 188 720 inspici.
211 641 282 702 Sunt
296 641 410 721 quidem
425 643 570 721 praeclara
584 661 657 721 quae
671 645 700 702 in
713 645 860 723 publicum
874 646 1008 725 profers,
1026 648 1079 708 sed

61 743 130 785 non
144 725 252 784 minora
266 743 300 786 ea
318 743 392 805 quae
407 725 501 788 limine
516 736 610 788 tenes.
641 725 696 788 llst
713 730 891 806 magnificum
905 729 980 809 quod
997 739 1026 789 te
1041 731 1077 790 ab
1185 739 1188 746 ’

31 810 148 874 5οηιηί
170 809 341 885 contagione
362 810 494 870 titionum
512 810 643 889 reprimis
663 828 697 871 ac
716 828 854 890 revocas,
879 813 932 873 sed
951 813 1078 891 magnifl-

64 894 184 952 centius
201 891 278 970 quod
292 899 368 953 tuos.
395 891 507 966 Quanto
522 896 595 952 enim
609 895 700 972 magis
714 895 831 955 arduum
846 905 891 956 est
907 895 978 956 alios
993 913 1076 974 prae·

63 986 148 1037 stare
165 992 247 1053 quam
262 993 313 1053 se,
335 985 412 1037 tanto
427 976 594 1037 laudabilius
610 976 703 1056 quod,
726 995 789 1037 cunr
804 979 869 1058 ipse
883 981 923 1040 sis
939 982 1075 1058 optimus,

63 1077 172 1120 omnes
188 1061 263 1119 circa
276 1068 306 1119 te
322 1058 429 1120 similes
440 1062 479 1120 tui
491 1060 622 1120 effecisti.
650 1059 747 1121 Multis
762 1061 926 1123 inlustribus
939 1062 1077 1124 dedecori

62 1143 123 1204 fuit
144 1150 191 1202 aut
211 1140 398 1205 inconsultius
415 1161 488 1204 uxor
502 1142 648 1221 adsumpta
662 1155 710 1205 aut
725 1155 835 1207 retenta
850 1148 1018 1224 patientius:
1038 1149 1077 1208 ita

14 1241 55 1292 lo
64 1227 144 1287 foris
160 1223 253 1286 claros
269 1225 425 1288 domestica
441 1228 606 1289 destruebat
620 1229 749 1306 infamia,
773 1238 802 1289 et
816 1247 853 1289 ne
868 1231 979 1289 maximi
994 1232 1074 1292 cives

62 1311 243 1372 haberentur
257 1311 313 1371 hoc
328 1311 471 1372 efficiebat
486 1311 562 1389 quod
577 1313 667 1371 mariti
679 1314 803 1372 minores
815 1321 902 1374 erant.
926 1311 989 1373 Tibi
1004 1330 1077 1373 uxor

62 1397 97 1455 in
115 1394 207 1454 decus
223 1401 252 1453 et
265 1393 385 1471 gloriam
401 1393 485 1454 cedit.
513 1393 589 1468 Quid
605 1397 678 1454 enim
692 1395 741 1456 illa
755 1393 902 1458 sanctius!
922 1396 991 1475 quid
1004 1397 1074 1457 anti-

64 1473 176 1558 quius!
196 1475 315 1556 Nonne,
336 1479 361 1538 si
375 1478 502 1557 pontifici
520 1480 639 1539 maximo
658 1479 791 1557 eligenda
807 1483 844 1540 sit
865 1482 1003 1558 coniunx,
1026 1487 1074 1540 aut

63 1562 144 1622 banc
157 1570 205 1621 aut
222 1558 342 1620 similem
358 1563 422 1641 (ubi
434 1572 479 1623 est
494 1572 587 1623 autem
601 1559 738 1641 similis'l)
750 1561 896 1641 elegerit?
919 1563 1008 1638 Quam
1025 1562 1075 1624 illa
1181 1569 1191 1588 ‘

22 1659 55 1710 15
66 1644 142 1707 nibil
157 1645 211 1706 sibi
229 1662 265 1705 ex
280 1645 453 1706 fortunatus
468 1647 521 1705 nisi
540 1645 669 1724 gaudium
683 1646 820 1708 vindicat!
843 1660 926 1725 quam
941 1656 1073 1708 constan·

62 1741 115 1792 ter
134 1745 191 1788 non
207 1729 362 1808 potentiam
377 1737 467 1806 mam,
490 1729 543 1790 sed
562 1731 655 1808 ipsum
670 1739 699 1790 te
714 1731 876 1791 reveretur!
903 1729 983 1790 ldem
1002 1731 1074 1791 estis

62 1814 193 1875 invicem
212 1811 287 1890 quod
302 1812 410 1889 fuistis,
432 1814 545 1892 probati
558 1831 596 1873 ex
611 1830 721 1892 aequo,
741 1813 867 1892 nihilque
882 1815 966 1874 vobis
980 1813 1072 1874 felici-

62 1909 113 1960 tas
134 1895 239 1956 addidit
258 1897 312 1956 nisi
332 1896 409 1975 quod
428 1899 503 1957 scire
526 1897 663 1976 coepistis
684 1915 768 1976 quam
791 1898 865 1958 bene
886 1907 1009 1976 uterque
1022 1914 1072 1957 ve·

65 1991 158 2042 strum
170 1978 335 2040 felicitatem
348 1980 428 2041 ferat.
450 1979 557 2040 Eadem
571 1997 652 2060 quam
664 1982 772 2042 modica
785 1980 876 2042 cultu!
892 1997 973 2060 quam
986 1998 1073 2060 parca

18 2076 56 2128 20
66 2061 219 2125 comitatu!
234 2081 316 2142 quam
331 2063 422 2124 cim'lis
434 2063 564 2125 incessu!
578 2064 670 2124 llariti
684 2065 740 2124 hoc
756 2082 845 2142 opus,
862 2067 909 2142 qui
919 2067 958 2125 ita
972 2065 1071 2141 inbuit,

63 2151 107 2208 ita
127 2147 261 2208 instituit:
284 2165 346 2207 nam
367 2149 447 2208 uxori
467 2148 572 2208 suflicit
592 2149 722 2228 obsequii
736 2148 838 2227 gloria
868 2148 932 2226 An,
954 2166 1017 2208 cum
1030 2149 1073 2208 vi·

64 2231 136 2291 deat
152 2248 234 2309 quam
255 2239 284 2290 te
305 2229 400 2291 nullus
420 2240 529 2309 terror,
555 2231 631 2291 nulla
650 2234 799 2293 comitetur
814 2233 944 2309 ambitio,
970 2249 1027 2291 non
1042 2241 1073 2291 et

63 2317 132 2394 ipsa
148 2331 211 2374 cum
225 2313 338 2375 silentio
351 2315 461 2375 incedat
474 2314 738 2394 ingredientemque
756 2315 877 2394 pedibus
891 2317 1028 2391 maritum,
1043 2316 1072 2373 in

65 2406 203 2477 quantum
220 2399 323 2476 patitur
337 2416 443 2476 senus,
457 2396 601 2459 imitetur!
624 2397 763 2460 Decuerit
778 2399 833 2458 hoc
850 2397 944 2475 illam,
961 2398 1071 2458 etiamsi

21 2495 56 2546 ts
66 2483 184 2543 diversa
204 2491 234 2541 tu
253 2481 351 2543 facias.
381 2482 441 2542 Sub
456 2482 508 2541 hac
523 2499 594 2542 vero
609 2481 746 2544 modestia
763 2482 816 2542 uiri
839 2492 967 2561 quantam
983 2481 1071 2542 debet

63 2564 268 2627 verecundiam
285 2583 358 2626 uxor
370 2567 484 2642 marito,
508 2565 611 2626 femina
625 2566 693 2626 sibi!
721 2566 811 2626 Sdror
823 2574 916 2625 autem
929 2576 976 2627 tua
991 2574 1023 2623 nt
1037 2582 1070 2625 se
1080 2559 1123 2625 84

65 2667 198 2710 sororem
215 2667 281 2709 esse
293 2649 431 2710 meminit!
453 2659 484 2709 ut
497 2651 525 2709 fn
545 2649 593 2710 illa
613 2658 660 2710 tua
681 2649 863 2729 simplicitas,
885 2659 932 2710 tua
952 2651 1070 2726 verius,

65 2745 134 2794 tuus
156 2731 262 2792 candor
276 2733 453 2810 agnoscitur!
478 2742 525 2811 ut,
552 2736 576 2794 si
597 2735 660 2812 quis
675 2751 737 2794 eam
752 2735 833 2794 uxori
849 2741 913 2793 tuae
930 2732 1070 2810 conferat,

66 2817 197 2878 dubitare
218 2825 336 2894 cogatur
355 2825 446 2877 utrum
467 2819 503 2877 sit
526 2815 671 2878 efficacius
687 2817 721 2876 ad
735 2826 817 2878 recte
830 2815 982 2877 vivendum
997 2816 1072 2876 bene

23 2901 176 2964 eoinstttui
191 2917 226 2959 an
240 2899 365 2960 feliciter
378 2902 467 2962 nasci.
500 2899 576 2960 Nihil
596 2909 641 2961 est
654 2908 711 2960 tam
732 2917 849 2981 pronum
865 2899 899 2962 ad
914 2900 1071 2963 simultates

67 3003 152 3064 quem
172 2981 338 3060 aemulatio,
358 2986 386 3044 in
406 2985 517 3046 feminis
531 2985 714 3064 praesertim:
738 3001 772 3046 ea
788 3003 875 3064 porro
890 2987 1009 3045 maxime
1024 3001 1071 3043 na·

67 3071 160 3130 scitur
174 3085 210 3126 ex
225 3069 442 3146 coniunctione,
465 3066 548 3128 alitur
566 3068 752 3147 aequalitate,
775 3069 936 3130 exardescit
954 3067 1069 3143 inuidia,

68 3154 151 3212 cuius
168 3150 228 3211 linis
244 3161 288 3212 est
307 3149 409 3211 odium.
439 3150 505 3225 Quo
526 3152 640 3232 quidem
654 3152 843 3213 admirabilius
857 3150 1071 3213 existimandum

67 3244 114 3296 est
135 3233 211 3314 qnod
229 3233 394 3295 mulieribus
410 3234 518 3297 duabus
533 3238 561 3295 in
579 3254 633 3296 una
649 3235 734 3296 domo
747 3238 866 3315 parique
882 3235 993 3295 fortuna
1010 3232 1071 3292 nul·

25 3319 125 3382 belum
140 3327 299 3396 certamen,
320 3318 397 3380 nulla
418 3321 563 3380 contentio
578 3329 633 3380 est.
660 3321 825 3398 Suspiciunt
840 3321 981 3394 invicem,
1000 3318 1070 3376 invi-

69 3402 266 3469 concedunt:
288 3420 409 3482 cumque
424 3412 453 3464 te
473 3411 590 3482 utraque
611 3403 780 3464 effusissime
798 3401 914 3481 diligat,
936 3399 1002 3462 nihil
1019 3417 1071 3460 sua

67 3494 166 3567 putant
181 3487 322 3547 interesse
339 3496 427 3547 utram
442 3497 471 3548 tu
486 3489 576 3564 magis
593 3506 680 3548 ames.
710 3486 787 3548 ldem
805 3488 917 3565 utrique
937 3486 1071 3563 proposi·

67 3581 142 3647 tum,
165 3569 241 3630 idem
255 3579 339 3631 tenor
351 3572 444 3651 uitae,
459 3569 584 3650 nihilque
599 3590 636 3632 cx
649 3588 706 3650 quo
720 3573 826 3634 sentias
839 3570 909 3633 duas
924 3588 1001 3630 esse.
1028 3566 1071 3628 Te

803 3652 873 3717 19*
