2632 4096
343 310 607 373 Erlslttinltlttt
621 309 686 370 1111.
702 323 744 374 15.
759 321 801 376 16.
813 319 856 374 ιι.
1064 312 1107 378 ie

95 464 268 544 propinquis
290 461 503 540 consularibus,
532 463 636 542 quibus
662 465 767 524 iudicio
788 464 915 542 ipsorum
938 482 1105 544 quamquam

95 546 332 608 adulescentulus
348 546 440 608 adbuc
454 548 508 606 iam
522 557 616 608 tamen
630 549 754 608 invicem
767 557 933 608 ornamento
947 557 1002 609 est.
1035 549 1144 619 Pro-11

95 632 164 693 inde
179 630 296 710 indulge
311 631 448 710 precibus
463 632 552 707 meis,
575 632 738 712 obsequere
757 631 896 709 consilio,
918 642 947 693 ct
963 642 1029 694 ante
1044 650 1103 694 om·

95 717 154 794 nia,
170 717 194 776 si
209 715 345 776 lesdnare
359 714 476 791 videor,
500 717 639 793 ignosce,
657 718 792 794 primum,
808 715 885 794 quod
899 717 927 776 in
942 735 977 777 ea
988 719 1104 777 civitate

71 802 126 864 ein
147 817 204 879 qua
222 802 313 860 omnis
330 801 411 878 quasi
428 800 463 859 ab
485 801 694 877 occupantibus
715 809 836 878 aguntur
855 817 929 878 quae
947 800 1104 878 legitimum

94 893 212 962 tempus
226 892 381 962 expectant
396 899 452 942 non
465 891 571 943 matura
586 883 638 943 sed
653 901 719 944 sera
736 892 818 962 suut,
834 883 949 961 deinde,
965 886 1043 964 quod
1058 903 1104 946 re·

90 977 158 1028 rum
176 984 247 1046 quas
264 967 383 1046 adsequi
404 969 502 1046 cupias
523 969 717 1046 praesumptio
738 969 801 1047 ipsa
822 967 943 1029 iucunda
960 978 1015 1030 est.
1045 968 1145 1035 lle-12

94 1061 230 1112 vereatur
244 1052 298 1112 iam
315 1060 344 1111 te
361 1051 467 1112 bassus
481 1062 512 1112 ut
529 1051 693 1130 consulem,
718 1060 748 1111 tu
769 1051 856 1130 dilige
877 1052 955 1113 illum
970 1063 1001 1114 ut
1016 1072 1103 1133 quae·

95 1145 217 1213 storem,
232 1152 287 1195 nos
303 1135 426 1213 denique
444 1137 591 1214 utriusque
605 1145 731 1196 vestrum
742 1138 922 1197 amantissimi
935 1137 1042 1198 laetitia
1053 1138 1102 1198 du·

54 1220 169 1299 toplici
188 1219 373 1299 perfruamur.
405 1218 519 1280 Etenim
540 1236 604 1278 cum
625 1222 668 1282 sic
688 1229 734 1296 te,
764 1221 807 1280 sic
820 1219 939 1280 bassum
952 1221 1102 1300 diligamus
1112 1233 1146 1286 13

95 1314 126 1364 ut
141 1313 172 1363 et
185 1303 263 1364 illum
280 1305 485 1382 cuiuscumque
505 1313 535 1364 et
553 1312 631 1363 tuum
651 1319 858 1382 quemcumque
880 1315 1061 1383 quaestorem
1074 1309 1103 1366 iu

95 1387 230 1467 petendis
257 1387 412 1448 honoribus
439 1389 514 1447 omni
542 1404 599 1466 ope
625 1387 724 1448 labore
750 1389 840 1466 gratia
860 1389 947 1450 simus
968 1391 1101 1467 iuraturi,

96 1489 235 1551 perquam
250 1473 401 1532 iucundum
415 1472 501 1532 uobis
514 1473 586 1550 erit,
607 1474 631 1532 si
645 1474 673 1531 in
690 1471 811 1532 eundem
829 1474 961 1533 iuvenem
980 1473 1102 1536 studluun

96 1566 225 1617 nostrum
246 1566 276 1617 et
292 1558 431 1617 amicitiae
452 1573 533 1616 meae
554 1564 584 1615 et
604 1555 770 1616 consulatus
791 1557 832 1616 tui
849 1558 920 1616 ratio
936 1558 1101 1637 contulerit,

52 1652 85 1705 15
94 1640 119 1700 si
140 1639 263 1719 denique
289 1641 426 1718 precibus
447 1641 518 1701 meis
539 1649 569 1700 tu
596 1643 772 1720 potissimum
794 1640 904 1702 adiutor
926 1645 1100 1720 accesseris,

96 1727 178 1785 cuius
193 1733 223 1784 et
237 1725 372 1803 suliragio
393 1734 510 1786 senatus
531 1723 718 1786 libentissime
734 1722 880 1801 indulgeat
895 1734 924 1786 et
938 1727 1100 1786 testimonio

95 1808 245 1886 plurimum
260 1809 365 1869 credat.
396 1809 477 1869 Vale.

518 1904 533 1945 ³·
592 1941 641 2002 v.

293 2040 320 2093 G.
340 2040 465 2093 PLINIUS
480 1941 631 2093 νΑΙιΕξΙΟΙ
641 2041 781 2094 PAULINO
801 2039 861 2094 SUO
878 2039 905 2098 S.

162 2142 260 2203 Gaude
274 2159 356 2220 meo,
371 2143 464 2221 gaude
479 2153 546 2220 tuo,
561 2144 654 2221 gaude
670 2145 754 2205 etiam
770 2143 888 2223 publico
903 2144 1033 2204 nomine:
1053 2144 1125 2206 ad·l

95 2229 152 2288 buc
167 2226 261 2287 bonor
275 2228 376 2288 studiis
394 2228 485 2288 durat.
511 2227 642 2290 Proxime
663 2245 728 2287 cum
743 2228 871 2288 dicturus
886 2227 960 2305 apud
974 2238 1100 2289 centum-

94 2313 174 2372 viros
188 2329 300 2389 essem,
317 2310 437 2372 adeundi
448 2311 516 2371 mibi
529 2311 611 2374 locus
625 2314 708 2374 nisio
722 2310 873 2390 tribunali,
888 2313 944 2372 uisi
956 2313 1099 2391 peripsos

94 2396 208 2457 iudices
225 2395 365 2456 nonfuit:
392 2403 467 2456 taum
488 2397 642 2475 stipatione
663 2406 761 2457 cetera
775 2396 954 2456 tenebantur.
982 2395 1029 2456 Ad
1043 2395 1126 2456 boot

51 2479 209 2559 esquidam
233 2488 348 2540 ornatus
369 2479 540 2542 adulescens
561 2482 662 2542 scissis
687 2481 809 2556 tunicis,
837 2488 868 2538 ut
888 2481 917 2538 in
937 2478 1100 2557 frequentia

94 2564 174 2624 solet
191 2563 264 2641 fleri,
284 2563 346 2624 sola
360 2563 471 2625 velatus
486 2574 554 2642 toga
566 2567 702 2645 perstitit,
718 2574 747 2624 et
759 2561 874 2641 quidem
885 2561 964 2622 boris
976 2572 1099 2641 septem.

93 2647 165 2708 Nam
182 2656 240 2707 mm
254 2647 301 2708 diu
317 2648 375 2708 dixi
390 2665 492 2726 magno
508 2667 572 2709 cum
586 2649 697 2726 labore,
714 2648 820 2708 maiore
836 2661 901 2704 cum
911 2645 1016 2706 fructu.
1035 2646 1124 2708 stu-3

94 2733 213 2793 deamus
227 2749 299 2809 ergo
314 2750 370 2792 uec
384 2733 513 2794 desidiae
521 2742 637 2794 nostrae
653 2731 870 2811 praetendamus
881 2730 1011 2790 alienam.
1029 2733 1101 2792 Sunt

94 2818 143 2894 qui
161 2815 293 2894 audiant,
315 2828 381 2878 suut
395 2819 445 2895 qui
462 2817 575 2897 legant,
597 2835 650 2878 nos
665 2816 751 2877 modo
769 2816 883 2894 dignum
898 2815 1007 2894 aliquid
1026 2817 1100 2877 auri·

53 2900 159 2978 3obus,
176 2900 292 2978 dignum
306 2901 410 2961 chartis
426 2900 614 2962 elaboremus.
646 2896 729 2961 Vale.

322 3132 350 3188 G.
367 3131 494 3184 PLINIUS
511 3035 742 3185 AdellbudiALLO
761 3133 821 3187 SUO
840 3134 867 3188 S.

156 3233 195 3294 Et
215 3233 350 3296 admones
371 3245 401 3295 et
418 3252 504 3314 rogas
524 3243 556 3295 ut
576 3236 730 3315 suscipiam
751 3253 864 3298 causam
886 3232 1029 3296 Corelliae
1050 3233 1124 3296 ab·1

51 3320 186 3384 essenus
203 3327 301 3379 contra
322 3317 356 3380 G.
375 3317 551 3398 Caecilium,
570 3322 717 3381 consulem
732 3321 922 3399 designatum.
952 3318 1037 3392 Quod
1050 3317 1099 3378 ad·

93 3419 196 3463 mones
219 3405 418 3482 gratiasago,
439 3403 517 3483 quod
533 3421 620 3482 rogas
643 3421 758 3484 queror.
790 3404 946 3465 Admoneri
960 3404 1035 3462 enim
1050 3401 1098 3461 de·

94 3487 169 3564 beo,
184 3495 217 3546 ut
232 3489 337 3566 sciam,
353 3489 450 3566 rogari
466 3505 524 3549 non
537 3489 632 3550 debeo
649 3498 681 3551 ut
694 3490 794 3549 faciam
810 3485 886 3567 quod
903 3485 972 3546 mibi
986 3502 1044 3546 non
1057 3484 1098 3545 la·

95 3590 164 3632 cere
180 3573 374 3650 turpissimum
399 3582 453 3634 est.
483 3572 528 3632 Αιι
548 3590 605 3652 ego
626 3574 700 3634 tueri
718 3570 828 3633 Gorelli
851 3570 935 3631 liliam
950 3566 1123 3632 dubitemlb

50 2077 88 2130 ²0
