2632 4102
170 297 186 332 x
587 283 821 338 PRAEFATIO.

171 445 272 504 enimab
280 441 606 514 interpolationissuspitiono
615 442 661 496 lios
666 442 741 497 libros
753 442 811 496 olim
822 441 1087 512 defenderevoiebam),
1101 443 1235 502 babentta·

171 525 1235 602 monquaesuamsibitidemabinterpolatisillorumscripturisvindiceutquainrecon-

171 615 303 672 sentientee
314 627 370 667 cum
381 613 574 681 alterutraparte
584 619 695 666 recentes
708 619 765 666 octo
776 610 893 666 librorum
904 612 1001 668 codices
1019 613 1122 685 aliquam
1138 614 1187 668 uina
1204 615 1235 670 ad

172 699 288 756 indicium
297 696 432 768 regendum
442 694 531 750 babere
541 695 653 766 cognovi.
668 695 769 759 ierim,
780 702 807 749 ut
817 695 923 752 medium
934 697 996 751 inter
1006 705 1133 768 utramque
1142 705 1235 752 motam

171 786 254 841 locum
260 788 350 846 tenent,
362 781 395 836 ita
405 779 552 849 plerumque.
563 779 583 833 si
593 793 654 849 quae
664 778 846 848 mterpolatione
856 780 881 834 in
892 781 1004 836 alterutra
1010 779 1126 846 laborant,
1139 797 1196 838 cum
1206 798 1234 838 ea

171 883 234 940 quae
244 869 364 937 integram
373 864 516 934 scripturam
527 862 629 916 seruauit
639 862 744 926 faciunt3
767 878 842 934 eaque
858 864 909 933 ipsa
918 879 958 919 res
968 865 1113 920 documento
1126 880 1180 920 esse
1190 882 1235 936 po-

173 961 222 1008 test
235 951 308 1006 etiam
318 949 342 1004 in
354 946 527 1018 posterioribus
536 945 618 1010 libris,
630 945 655 1002 iu
665 946 752 1018 quibus
761 955 857 1017 praeter
867 947 1001 1004 Medicmm
1011 948 1057 1005 soli
1068 957 1178 1005 umentes
1193 965 1235 1005 co·

172 1037 239 1092 dices
250 1033 327 1088 relicti
340 1038 411 1096 sunt,
423 1031 542 1086 interdum
554 1031 596 1086 illo
607 1038 689 1100 spreto
698 1030 742 1085 bos
752 1031 860 1102 mamus
874 1032 951 1088 multo
959 1033 1121 1102 corruptiores
1131 1049 1234 1106 sequen-

173 1121 218 1176 dos
239 1133 301 1173 essc.
333 1130 411 1187 neque
430 1115 673 1186 neglegendambac
683 1121 750 1170 certe
766 1115 922 1184 epistularum
933 1123 1000 1187 parte
1011 1116 1096 1172 Aldina
1106 1117 1188 1173 editio.
1209 1119 1234 1173 in

174 1219 221 1274 qua
230 1217 286 1256 cum
294 1198 370 1256 multa
382 1213 442 1270 quae
454 1206 509 1256 ante
520 1215 550 1255 ex
566 1199 703 1254 recentibus
714 1198 838 1254 codicibus
853 1199 1033 1270 corruptissime
1042 1216 1156 1272 exprmea
1164 1202 1234 1274 lege·

173 1287 261 1342 bantur
276 1285 380 1355 primum
397 1283 430 1338 ita
449 1290 476 1338 ut
492 1289 575 1352 postea
591 1283 615 1338 in
626 1283 734 1339 blediceo
752 1282 836 1338 ocelim
846 1283 942 1338 inuenta
952 1291 1009 1339 arnt
1026 1294 1134 1341 correcta
1145 1296 1234 1351 essent,

174 1369 296 1425 aliaeeius
307 1366 398 1423 codicis
408 1367 553 1436 scripturae,
575 1382 645 1437 qnae,
665 1375 693 1422 ut
704 1367 734 1422 de
745 1365 930 1439 interpolatione
942 1377 1234 1438 persesuspectaesunt

174 1452 248 1510 itaab
259 1453 329 1517 dido,
347 1450 403 1506 siin
415 1466 460 1506 suo
470 1450 554 1506 codice
563 1450 750 1516 invenissetvix
761 1452 864 1508 omissae
873 1460 954 1508 meent
964 1469 1013 1508 nou
1023 1461 1147 1524 apparent.
1170 1455 1234 1511 unde

173 1539 194 1593 si
204 1544 270 1592 recte
281 1534 419 1605 colligimus
426 1532 543 1590 Gallicum
551 1533 605 1588 dldi
614 1535 730 1599 codicem,
742 1534 849 1593 Mediceo
859 1537 884 1591 in
896 1537 982 1592 ceteris
992 1537 1149 1602 antimum
1159 1537 1234 1593 inter·

173 1621 296 1692 polatione
311 1618 374 1674 illius
384 1618 505 1682 caruisse,
515 1617 623 1688 sequitur
635 1619 660 1673 in
670 1618 755 1674 Aldina
764 1620 882 1690 scriptino
892 1635 949 1676 cum
959 1620 1067 1676 blediceo
1079 1621 1164 1677 codiee
1174 1637 1233 1677 oon-

174 1705 293 1760 sentiente
302 1717 418 1774 magnum
427 1716 481 1757 osse
491 1701 520 1756 ad
536 1699 607 1756 buius
623 1702 789 1758 auctoritatem
804 1703 984 1760 sustentandam
999 1711 1158 1762 momentum.
1189 1705 1233 1760 sed

173 1789 253 1844 cantio
265 1796 290 1842 et
304 1786 428 1858 diligentia
438 1784 572 1842 adhibenda
583 1792 627 1851 est,
638 1801 669 1842 ne
678 1786 754 1842 autin
765 1786 832 1843 libris
840 1795 953 1858 quattuor
962 1788 1053 1858 primis,
1065 1789 1090 1843 iu
1100 1788 1188 1860 quibus
1198 1791 1231 1844 si·

173 1873 243 1927 mdes
253 1871 360 1926 Mediceo
371 1869 449 1925 codici
460 1870 591 1940 scripturae
601 1885 632 1924 ex
643 1870 754 1926 Vaticano
764 1885 808 1941 per
818 1871 927 1941 exempla
943 1879 998 1926 autc
1016 1873 1131 1942 impressa
1146 1888 1233 1943 propa·

174 1962 248 2028 gatae
258 1961 340 2018 amnt,
351 1952 451 2008 modom
461 1953 510 2008 vim
520 1953 581 2008 dido
596 1955 742 2019 tribuamus,
761 1961 803 2010 aut
813 1955 838 2010 in
849 1955 946 2027 reliquis
957 1955 1071 2012 italorum
1082 1957 1233 2012 coniecturas

175 2053 219 2112 pro
231 2039 321 2110 antiqui
331 2037 424 2094 codicis
433 2038 558 2110 scriptruis
568 2037 747 2108 amplectamur.
780 2038 882 2111 denique
892 2039 917 2094 iu
929 2047 1014 2095 octavo
1026 2039 1087 2095 libro
1099 2041 1178 2096 omnis
1188 2057 1232 2111 pe·

173 2138 217 2178 nes
228 2122 316 2178 dldum
333 2129 357 2174 et
368 2120 501 2176 biedicenm
513 2122 621 2177 codicem
630 2122 759 2178 auotoritas
776 2129 826 2186 est:
848 2123 872 2178 in
894 2124 976 2194 paucis
998 2131 1078 2180 autem
1099 2123 1154 2179 libri
1175 2126 1233 2179 noni

173 2205 283 2278 epistulis
294 2219 355 2277 quae
365 2204 390 2260 in
400 2204 508 2261 nauco
527 2205 611 2261 codice
623 2205 709 2262 destant
726 2215 821 2276 praeter
832 2207 919 2262 aldum
928 2216 1038 2263 recentes
1048 2216 1105 2262 octo
1115 2207 1231 2264 librorum

174 2290 272 2346 codices
281 2289 327 2344 soli
338 2288 362 2344 in
374 2289 488 2344 ancilium
499 2290 599 2345 vocandi
609 2297 673 2346 sunt
695 2305 755 2362 quae
765 2305 822 2346 cnm
832 2291 865 2346 ita
876 2300 969 2356 essent.
991 2292 1123 2362 principem
1132 2291 1231 2362 quidem

174 2373 262 2428 druoern
273 2388 345 2444 quern
355 2387 468 2444 seqmrm
478 2373 539 2442 elegi
549 2372 684 2428 bodincum
693 2374 816 2440 codicem,
827 2374 869 2432 scd
882 2375 916 2431 ita
925 2382 1007 2431 tamen
1016 2376 1149 2446 principem
1158 2383 1200 2440 ut,
1210 2374 1233 2430 si

173 2459 211 2513 uel
222 2471 262 2512 res
271 2456 377 2520 liaberet.
399 2457 437 2511 rel
447 2457 593 2529 reliquomm
602 2457 718 2514 libromm
728 2458 833 2514 rationes
842 2459 1025 2529 pertimerent,
1044 2475 1100 2516 eum
1121 2459 1233 2516 deserere

173 2557 223 2596 nou
243 2540 386 2597 dubitarem.
418 2548 489 2612 atque
504 2557 552 2613 quo
563 2542 652 2598 certius
662 2549 856 2614 constaretque
865 2544 949 2614 optimi
960 2544 1050 2600 codicis
1059 2543 1107 2600 lide
1117 2543 1230 2599 dmtituto

173 2631 267 2689 ment,
289 2624 464 2695 discrepantem
480 2625 532 2680 eius
548 2625 602 2682 libri
612 2627 754 2697 scripturam
764 2627 789 2681 in
798 2626 847 2682 line
856 2628 1009 2697 praelationis
1019 2626 1137 2684 adnotari.
1158 2642 1231 2698 quam
1280 2684 1281 2688 ,

173 2707 268 2780 quando
279 2708 426 2778 reliquorum
435 2709 551 2764 librorum
560 2711 702 2765 auctoritate
712 2709 862 2775 mumrerim.
875 2712 969 2783 quando
976 2711 1164 2768 coniecturisvel
1171 2711 1231 2768 alio·

173 2807 229 2848 rum
240 2789 278 2846 vel
288 2792 348 2846 meis
358 2807 417 2847 usus
426 2792 481 2858 sim,
488 2791 563 2848 Cortii
574 2793 679 2848 editione
689 2792 794 2848 adbibita
800 2796 916 2866 cognosci
927 2795 1024 2866 poterit.
1045 2811 1101 2852 nam
1109 2811 1166 2850 cunr
1176 2810 1230 2850 orn·

173 2875 213 2931 nia
225 2875 372 2930 recensionis
381 2875 496 2946 praesidia
507 2891 571 2932 nunc
581 2891 716 2946 proponere
724 2893 774 2932 non
789 2893 897 2948 possem
920 2880 1003 2936 utilius
1025 2879 1077 2934 lore
1097 2879 1230 2934 existimari

172 2959 245 3014 unius
255 2958 408 3030 eiusdemque
419 2959 503 3030 optimi
513 2959 567 3016 libri
576 2961 719 3032 scripturam
730 2961 842 3018 exbibete
852 2963 972 3036 integram
983 2978 1055 3035 quam
1066 2962 1192 3018 collectam
1198 2961 1231 3016 de

172 3041 281 3114 pluribus
291 3042 468 3098 multitudinem
474 3059 625 3115 componere
637 3061 685 3117 quo
695 3046 805 3102 instituto
815 3055 843 3102 ut
853 3047 955 3102 libemm
964 3048 1006 3103 uni
1017 3048 1103 3119 cuique
1114 3045 1230 3102 iudicium

172 3141 227 3182 esso
237 3125 315 3194 volui,
332 3127 352 3182 si
363 3128 404 3199 qui
416 3127 516 3183 bledicei
527 3128 617 3184 codicis
626 3129 768 3199 scripturam
779 3131 800 3184 ei
813 3147 885 3202 mam
895 3131 1008 3187 substitui
1017 3137 1138 3202 praestare
1148 3129 1230 3185 existi·

173 3217 280 3274 manent,
297 3210 320 3266 id
330 3211 394 3282 quod
405 3211 513 3268 lutrarum
524 3228 578 3268 esse
587 3213 612 3268 in
622 3220 671 3268 tam
682 3213 800 3285 frequenti
810 3215 922 3271 codicum
932 3216 1090 3287 &manda
1101 3214 1185 3279 video,
1197 3215 1229 3268 ita

172 3294 306 3350 umerum
317 3295 413 3364 postulo
424 3304 451 3350 ut
461 3296 519 3352 mili
530 3297 628 3352 credant
638 3312 680 3352 me
689 3314 737 3353 non
748 3306 840 3354 temere
851 3300 935 3369 optimi
946 3299 1088 3370 exemplaris
1104 3297 1177 3354 doen
1187 3297 1231 3353 de-

171 3377 284 3434 seruisse.
316 3379 359 3434 sed
372 3379 532 3451 inscripturis
542 3379 643 3437 biedicei
660 3381 751 3438 codicis
762 3385 933 3454 componendis
942 3399 1000 3439 oum
1010 3385 1102 3440 minuta
1112 3382 1230 3453 quaedam

171 3475 234 3532 quac
243 3462 334 3518 nullam
346 3464 473 3519 utilitatem
485 3465 508 3520 in
519 3464 590 3522 buius
599 3465 666 3522 modi
676 3465 829 3523 adnotatione
840 3467 930 3524 babere
939 3468 1081 3524 uidebantur
1090 3465 1230 3522 tumomnia

172 3559 233 3612 qaas
249 3545 279 3600 ad
296 3546 493 3619 orthographiam
509 3565 571 3621 quae
588 3549 677 3606 dicitur
689 3551 811 3620 portinent
827 3551 905 3608 omisi
936 3558 1009 3624 atque
1025 3553 1050 3607 in
1067 3551 1115 3607 boo
1132 3549 1229 3621 quidem
