2616 4096
205 243 270 308 220
507 242 541 304 G.
562 242 666 310 PLINI·
680 241 730 303 ET
751 239 910 303 TRAIANI

207 395 284 475 quod
298 396 377 457 fossa
397 395 527 457 iacienda
543 404 588 458 est
607 394 733 455 incidunt
752 396 822 464 rivi;
845 397 892 473 qui
913 397 937 455 si
959 393 1116 472 diligenter
1134 394 1213 454 colli·

181 489 324 558 agantur,
346 480 492 556 augebunt
512 478 583 540 illud
605 478 683 558 quod
697 478 778 539 lacus
793 477 914 538 dederit.
942 476 1098 539 Enimvero
1114 480 1140 538 si
1156 477 1214 555 pla·

208 573 272 625 ceat
294 563 401 624 fossam
421 563 535 642 longius
556 563 662 623 ducere
686 571 716 623 et
737 563 824 622 artius
846 579 976 640 pressam
997 563 1067 621 mari
1089 579 1215 640 aequare

207 649 304 708 necin
319 647 423 706 flumen
442 648 494 708 sed
516 648 544 706 in
561 648 654 726 ipsum
664 664 741 706 mare
757 647 904 724 emittere,
923 663 1115 724 repercussus
1132 647 1215 706 maris

209 732 332 792 servabit
347 739 376 790 et
390 733 543 808 reprimet,
565 729 732 809 quidquido
748 728 813 790 lacu
823 731 931 789 veniet.
962 728 1090 803 Quorum
1105 729 1131 789 si
1147 727 1238 791 nihils

209 814 291 875 nobis
307 813 366 873 loci
380 823 477 874 natura
491 823 668 893 praestaret,
689 812 852 892 expeditum
869 822 962 873 tamen
983 823 1043 873 erat
1064 815 1215 874 cataractis

184 913 299 977 nequae
315 915 427 958 cursum
441 905 612 976 temperare.
643 897 749 956 Verum
772 907 801 957 et
822 896 895 956 baec
914 906 943 957 et
960 895 1014 956 alia
1029 895 1120 957 multo
1136 914 1215 974 saga·

149 1058 151 1062 .
210 984 271 1042 cius
293 981 441 1061 conquiret
463 980 683 1060 explorabitque
701 979 837 1057 librator,
859 997 944 1058 quem
965 978 1067 1058 plane,
1090 979 1214 1056 domiue,

210 1064 300 1125 debes
321 1067 451 1142 mittere,
473 1075 504 1125 ut
526 1065 684 1144 polliceris.
713 1063 767 1125 Est
783 1065 859 1124 enim
872 1081 921 1124 res
934 1062 1018 1141 digna
1032 1073 1062 1124 et
1076 1065 1215 1142 magnitu-

210 1148 274 1209 dine
298 1159 346 1208 tua
366 1158 396 1209 et
417 1166 492 1209 cura.
524 1147 590 1225 Ego
613 1149 724 1208 interim
746 1143 899 1226 Calpurnio
918 1145 1033 1225 Macro,
1057 1146 1253 1214 clarissimoyo

210 1234 289 1311 viro,
311 1241 430 1294 auctore
450 1242 479 1293 te
501 1234 606 1312 scripsi
620 1242 650 1291 ut
666 1229 829 1291 libratorem
847 1248 930 1308 quam
945 1233 1066 1290 maxime
1084 1230 1216 1292 idoneum

209 1318 345 1377 mitteret.

601 1446 686 1507 Lxll.
710 1445 814 1525 [Lxx]

546 1547 829 1599 unsrnnusrnrnro
847 1547 874 1601 a.
1223 1571 1251 1624 1⁵

268 1647 451 1709 vManifestum
466 1659 522 1727 est,
533 1651 571 1708 mi
583 1648 716 1710 Secunde
732 1651 888 1727 carissime,
904 1669 959 1710 nec
971 1647 1149 1728 prudentiam
1162 1666 1214 1708 nee

211 1732 384 1811 diligentiam
405 1733 456 1793 tibi
479 1733 607 1794 defuisse
630 1735 706 1792 eirca
727 1733 812 1795 istum
831 1732 938 1810 lacurn,
970 1750 1034 1792 cum
1054 1742 1112 1792 tam
1132 1731 1214 1791 multa

210 1819 325 1895 provisa
341 1815 465 1894 habeas,
487 1835 541 1895 per
560 1833 632 1894 quae
651 1834 707 1877 nec
727 1815 907 1894 periclitetur
922 1815 1063 1877 exhauriri
1080 1825 1109 1876 et
1127 1815 1214 1893 magis

210 1903 238 1958 in
254 1917 323 1960 usus
343 1900 427 1959 uobis
448 1900 559 1960 iuturus
575 1901 620 1960 sit.
655 1898 741 1976 Elige
759 1900 846 1976 igitur
861 1901 891 1961 id
906 1899 982 1980 quod
996 1901 1154 1981 praecipue
1168 1918 1214 1960 res

211 1985 274 2060 ipsa
290 1984 420 2042 suaserit.
444 1980 627 2062 Calpurnium
641 1982 767 2044 Ilaorum
784 1985 871 2045 credo
886 1984 1025 2044 facturum
1038 1993 1068 2043 ut
1085 1993 1115 2044 te
1134 1983 1250 2046 libra-ab

211 2073 274 2124 tore
287 2067 415 2144 instruat,
432 2085 526 2145 neque
540 2069 706 2146 provinciae
721 2068 793 2127 istae
809 2067 852 2128 his
868 2068 1023 2128 artificibus
1039 2077 1148 2128 carent.

601 2196 702 2260 uxrrr.
723 2197 823 2278 [xus]

432 2296 460 2351 ὓ.
480 2297 604 2349 PLINIUS
621 2297 768 2348 TRAIANO
785 2298 993 2349 IMPERATORI.

275 2399 397 2478 Scripsit
411 2399 495 2477 mibi,
512 2398 642 2475 domine,
658 2398 812 2475 Lycormas
825 2398 946 2459 libertus
959 2409 1041 2476 tuus,
1058 2407 1105 2475 ut,
1120 2401 1147 2459 si
1163 2405 1251 2477 quala

212 2482 320 2561 legatio
334 2501 350 2542 a
364 2482 496 2560 Bosporo
511 2485 639 2544 venisset
654 2484 755 2544 urbem
767 2485 901 2563 petitum,
917 2485 1051 2562 usquein
1065 2482 1217 2543 adventum

213 2585 294 2628 suum
308 2569 487 2628 retineretur.
517 2565 555 2627 Et
571 2566 679 2645 legatio
695 2567 825 2645 quidem,
842 2566 982 2627 dumtaxat
998 2568 1027 2627 in
1042 2583 1105 2626 eam
1119 2568 1217 2644 ciuita-

212 2660 271 2710 tem
284 2652 312 2708 in
328 2668 383 2730 qua
397 2651 461 2729 ipse
473 2667 551 2727 sum,
571 2650 648 2711 nulla
666 2650 758 2710 adbuc
772 2653 866 2725 venit,
888 2650 941 2711 sed
957 2652 1036 2711 venit
1047 2649 1217 2710 tabellarius

213 2734 411 2811 Sauromatae,
434 2752 518 2813 quem
540 2751 617 2812 ego,
640 2752 709 2795 usus
724 2736 936 2812 opportunitate
951 2753 1035 2814 quam
1047 2733 1114 2792 mibi
1133 2751 1218 2795 casus

212 2814 371 2893 obtulerat,
396 2835 459 2877 cum
478 2816 627 2878 tabellario
644 2820 691 2896 qui
708 2817 873 2893 Lycormam
889 2836 926 2879 cx
940 2819 1041 2878 itinere
1055 2819 1254 2897 praecessittt

212 2898 377 2959 mittendum
391 2902 504 2978 putavi,
526 2910 556 2961 ut
570 2911 675 2981 posses
691 2919 728 2962 ex
744 2900 900 2978 Lycormae
916 2911 946 2963 et
964 2921 1001 2963 ex
1013 2903 1092 2979 regis
1108 2903 1218 2980 epistu-

212 2981 248 3044 lis
265 2984 372 3060 pariter
385 3001 565 3060 cognoscere
581 3003 654 3064 quae
665 2986 790 3046 fortasse
805 2987 911 3064 pariter
924 2987 1000 3046 scire
1016 2984 1152 3045 deberes.

581 3117 695 3180 uxrnn
717 3119 830 3198 [uun]

433 3219 461 3270 G.
478 3218 602 3271 PLINIUS
620 3220 765 3271 TRAIANO
782 3218 989 3274 IMPERATORI.
1224 3245 1252 3299 35

273 3321 338 3383 Rex
354 3322 534 3385 Sauromates
553 3324 669 3403 scripsit
683 3324 750 3384 mibi
768 3344 836 3386 esse
852 3323 988 3403 quaedam
1003 3342 1075 3403 quae
1091 3322 1215 3384 deberes

213 3423 297 3483 quam
310 3408 497 3468 maturissime
513 3408 599 3468 seire.
624 3405 686 3479 Qua
698 3426 737 3467 ex
752 3425 836 3469 eausa
853 3408 1063 3469 festinationem
1075 3406 1217 3468 tabellarii

214 3505 299 3564 quem
313 3489 349 3546 ad
363 3498 393 3550 te
408 3507 472 3549 oum
487 3489 618 3567 epistulis
631 3492 706 3550 misit
724 3490 877 3569 diplomate
891 3490 994 3551 adiuvi.
