2632 4102
210 285 254 348 34
635 285 668 347 (l.
691 285 788 348 PLINI

188 447 326 517 utumque
349 439 474 500 sordium
493 438 542 499 rel
564 438 695 499 damnare
716 438 788 500 alios
808 438 856 500 vel
876 435 1052 500 absolvere?
1078 439 1137 500 Sed
1158 439 1216 501 lroe

210 521 339 601 pluribus
353 524 445 584 risum
456 532 510 584 est.
543 521 731 583 Numerantur
746 525 821 583 enim
834 525 1011 602 sententiae,
1032 540 1088 584 uon
1105 523 1216 602 ponde·

209 614 319 675 rantum
335 625 390 668 nee
408 605 484 667 aliud
498 608 527 668 in
541 605 658 686 publico
676 604 795 667 consilio
810 615 909 686 potest
924 607 1003 685 lieri,
1025 607 1053 666 in
1069 625 1126 686 quu
1145 606 1216 668 nihil

211 697 256 750 est
273 699 328 752 tam
349 688 498 769 inaequale
520 708 602 768 quam
623 688 778 768 aequalitas
796 691 866 770 ipsa.
899 688 971 750 Nam
993 708 1057 750 eum
1077 692 1114 752 sit
1135 693 1218 771 inpar

185 773 371 852 6prudeutia,
388 791 439 852 par
454 775 576 834 omnium
593 775 636 834 ius
651 782 705 834 est.
739 772 851 853 lnpleui
865 777 1037 852 promissum
1053 777 1249 854 priorisquef,

212 856 353 936 epistulae
376 857 460 917 iidem
482 856 613 934 exsolvi,
636 874 718 936 quam
740 875 778 917 ex
797 859 890 936 spatio
907 859 1044 938 temporis
1064 859 1118 918 iam
1132 877 1218 921 reee-

210 942 289 1018 pissa
304 950 333 1000 te
349 938 472 1018 colligo:
494 958 558 1000 nam
577 948 607 1000 et
620 940 764 1000 festinanti
781 949 811 1000 et
827 939 956 1018 diligenti
971 941 1119 1002 tabellario
1134 941 1217 1011 dedi:

187 1024 264 1086 inisi
281 1023 347 1102 quid
368 1023 560 1103 impedimenti
580 1025 608 1084 in
628 1025 674 1084 uia
690 1042 793 1103 passus
809 1033 863 1085 est.
887 1023 964 1086 Tuae
981 1044 1056 1086 nune
1071 1035 1168 1104 partes
1187 1035 1220 1085 ut

150 1164 153 1168 .
210 1108 329 1185 primum
343 1107 439 1185 illam,
464 1108 567 1168 deinde
581 1107 654 1168 haue
667 1109 858 1168 remunereris
873 1106 993 1188 litteris,
1016 1109 1115 1189 quales
1132 1111 1219 1170 iatine

210 1191 304 1251 redire
319 1191 478 1252 uberrimae
493 1199 624 1271 possunt.
644 1190 725 1252 Vale.
1228 1213 1263 1266 10

645 1307 657 1334 ⁹
672 1324 751 1385 xur.

497 1422 524 1474 c.
542 1424 668 1476 PLINIUS
687 1423 800 1478 Pttlsco
818 1425 878 1478 SUO
898 1426 925 1481 S.

189 1541 203 1592 1
276 1524 312 1585 Et
327 1534 357 1584 tu
379 1524 549 1586 occasiones
564 1524 709 1603 obligandi
727 1547 772 1590 me
793 1529 956 1591 aridissime
972 1527 1169 1607 amplecteris,
1186 1537 1218 1590 et
1311 1551 1312 1590 1

188 1625 269 1687 aege
284 1609 387 1669 nemini
402 1607 537 1670 libentius
552 1609 656 1672 debeo.
676 1609 793 1674 Duabus
804 1631 877 1692 ergo
891 1613 927 1674 de
943 1614 1037 1674 eaesis
1051 1629 1067 1672 a
1082 1621 1111 1673 te
1125 1613 1217 1691 potis·
1227 1631 1263 1683 15

211 1695 310 1755 simum
327 1702 429 1771 petere
446 1694 580 1756 cunstitui
595 1694 671 1773 quod
685 1696 854 1774 inpetratum
869 1697 991 1757 maxime
1006 1697 1102 1774 eupio.
1122 1694 1217 1773 Regis

212 1778 370 1838 exereitum
384 1775 602 1856 amplissimum:
623 1778 689 1839 lriue
706 1779 757 1839 tibi
775 1780 977 1841 beneficiorum
992 1778 1072 1857 larga
1086 1781 1216 1858 materia,

211 1860 329 1938 longum
348 1872 499 1940 praeterea
515 1871 628 1941 tempus
651 1880 708 1942 quo
722 1866 829 1926 amieos
849 1874 915 1925 tuos
931 1881 1070 1924 exornare
1085 1864 1216 1942 potuisti.
1289 1923 1296 1936 ‚

188 1943 388 2010 3Gonuertars
403 1945 438 2004 ad
450 1954 577 2024 nostrus,
592 1965 648 2007 nee
659 1946 713 2007 hos
723 1947 838 2010 multus.
858 1947 961 2009 llalles
976 1957 1006 2008 tu
1020 1946 1133 2027 quidem
1144 1946 1217 2006 mul·

211 2038 274 2105 tos,
298 2027 350 2087 sed
366 2045 447 2088 meae
464 2029 655 2091 verecundiae
676 2031 782 2092 suffieit
796 2050 869 2093 unus
888 2041 936 2092 aut
949 2030 1038 2108 alter,
1065 2049 1099 2090 ae
1117 2032 1261 2109 potiusne

188 2124 291 2176 durrus.
321 2110 349 2170 ls
370 2111 424 2173 erit
439 2111 585 2173 Voconius
602 2112 756 2174 Romanus.
788 2115 872 2177 l'ater
888 2115 915 2175 ei
932 2116 960 2174 in
980 2115 1107 2194 equestri
1124 2115 1216 2191 gradu

212 2193 323 2273 clarus,
354 2193 456 2255 clarior
476 2197 611 2274 vitricus,
637 2199 721 2257 immo
742 2208 824 2277 pater
846 2198 934 2260 alius:
959 2216 1022 2258 nam
1051 2197 1117 2258 lruie
1143 2215 1216 2277 quo-

211 2297 267 2357 que
278 2279 382 2338 nomini
399 2280 504 2357 pietate
519 2282 673 2342 suecessit.
707 2280 799 2343 llater
813 2301 830 2342 e
845 2284 942 2361 primis
958 2282 1098 2342 citerioris
1112 2281 1216 2361 llispa-

210 2364 287 2424 niae:
310 2363 368 2424 seis
387 2362 463 2441 quod
478 2363 610 2422 iudicium
625 2366 790 2443 prouinciae
803 2365 896 2444 illius,
912 2377 1014 2444 quanta
1028 2367 1065 2427 sit
1079 2366 1215 2442 gravitas.
1311 2431 1312 2434 ,

186 2446 327 2514 5Flamen
340 2447 467 2525 proxime
483 2445 543 2508 fuit.
564 2446 646 2508 Hune
661 2466 729 2526 ego,
747 2467 811 2509 eum
829 2449 912 2511 simul
933 2449 1129 2527 studeremus,
1151 2459 1262 2517 arteas

210 2531 441 2609 familiariterque
459 2529 562 2592 dilexi:
584 2531 634 2591 ille
653 2548 734 2593 meus
748 2534 776 2592 in
791 2534 880 2611 urhe,
901 2532 951 2594 ille
964 2534 992 2593 iu
1008 2551 1129 2594 secessu
1145 2551 1215 2594 eon·

185 2613 376 2692 stubernalis,
391 2633 455 2674 eum
470 2614 527 2675 hoe
543 2617 634 2692 seria,
658 2633 721 2676 eum
735 2615 792 2677 hoe
809 2618 891 2678 iocos
907 2617 1019 2677 miscui.
1052 2615 1126 2689 Quid
1140 2619 1216 2677 enim

211 2697 261 2757 illo
276 2707 322 2757 aut
341 2697 451 2758 fidelius
465 2699 556 2760 amieo
573 2708 619 2759 aut
635 2698 735 2760 sodale
749 2697 919 2761 iucundius?
939 2699 1011 2762 llira
1024 2701 1052 2760 in
1067 2717 1214 2780 sermone,

188 2783 279 2848 amira
291 2782 374 2841 etiam
388 2781 417 2841 in
433 2798 483 2842 ore
497 2782 562 2860 ipso
576 2781 713 2861 vultuque
724 2785 859 2845 suauitas.
878 2783 923 2844 Ad
935 2783 993 2845 hou
1004 2784 1148 2862 ingenium
1162 2803 1216 2844 ex·

211 2863 331 2941 celsum,
347 2863 463 2942 subtile,
480 2863 576 2942 dulee,
592 2865 689 2944 facile,
705 2867 843 2928 eruditum
856 2869 884 2928 in
897 2868 989 2930 causis
1004 2866 1137 2946 agendis:
1152 2870 1261 2947 epi-30

187 2946 300 3014 astulas
313 2947 426 3026 quidem
437 2948 546 3025 scribit,
563 2959 593 3009 ut
603 2947 699 3011 llusas
711 2950 788 3030 ipsas
800 2950 897 3012 Latine
908 2950 987 3031 luqui
1000 2952 1111 3013 eredas.
1129 2952 1214 3012 Ama·

211 3043 284 3093 tura
297 3049 342 3092 me
356 3028 506 3110 plurimum
517 3051 572 3093 nee
586 3042 679 3094 tamen
692 3035 822 3096 vincitur.
843 3034 983 3113 Equidem
994 3036 1105 3097 iuvenis
1120 3036 1214 3096 statim

210 3115 305 3176 iuve'ni
322 3124 453 3194 quantum
474 3118 555 3196 potui
571 3136 624 3197 per
641 3128 762 3180 aetatem
776 3118 939 3180 avidissime
954 3117 1062 3180 contuli
1078 3130 1107 3180 et
1121 3136 1215 3197 nuper

209 3201 244 3261 ab
257 3201 364 3279 optimo
379 3201 508 3279 principe
523 3203 605 3262 trium
617 3202 771 3264 liberorum
784 3204 828 3264 ius
839 3204 996 3281 impetrari.
1022 3202 1104 3277 Quod
1116 3220 1213 3281 quum·

210 3302 293 3364 quam
306 3302 395 3363 parea
409 3293 514 3345 etcum
527 3285 641 3345 delectu
659 3285 748 3362 daret,
764 3285 830 3346 milri
846 3296 950 3364 tamen,
965 3296 1105 3366 tamquam
1120 3285 1257 3364 elige-35

186 3378 265 3446 9ret,
281 3367 406 3428 indulsit.
425 3367 504 3429 Haee
516 3370 655 3430 beneficia
664 3383 726 3430 mea
741 3371 813 3430 tueri
827 3369 906 3431 nullo
916 3369 1002 3432 modo
1013 3370 1114 3432 melius
1129 3388 1212 3448 mam

210 3463 239 3511 ut
254 3469 373 3530 augeam
389 3468 522 3530 possum,
544 3454 710 3532 praesertim
728 3471 791 3512 eum
811 3454 874 3533 ipse
891 3452 939 3515 illa
953 3465 1010 3516 tam
1024 3464 1105 3533 grate
1125 3455 1212 3516 inter·

167 3547 201 3599 10
210 3546 339 3615 pretetur
351 3543 399 3614 ut,
422 3535 485 3594 dum
501 3538 595 3615 priora
608 3536 731 3615 aeeipit,
757 3540 918 3618 posteriora
932 3548 1081 3600 mereatur.
1115 3537 1211 3600 Habes
