2616 4096
216 295 479 360 bulsinianum
494 289 692 375 arcucius]
706 297 919 375 utrumme]
1006 294 1075 358 acl*

78 467 125 510 non
142 459 247 511 temere
267 449 335 511 dare
357 452 506 530 proposui.
537 448 596 510 Sed
616 467 679 510 cum
698 447 883 528 Harpocrati,
909 446 1070 527 iatraliptae

78 542 133 610 tuo,
154 535 205 594 iam
224 537 365 596 civitatem
380 533 532 594 Romanam
551 534 758 612 impetraveris,
782 532 848 592 buic
863 549 979 611 quoque
996 535 1069 610 peti·

77 619 136 677 tioni
150 628 216 679 tuae
236 636 343 696 negare
358 636 416 679 non
437 620 574 680 sustineo.
607 616 649 676 'lu
671 635 709 678 ex
730 635 787 696 quo
808 633 893 677 nomo
914 618 952 678 sit
972 626 1069 676 notum

76 701 133 762 mibi
147 702 242 764 iacere
257 701 397 781 debebis,
418 712 450 764 ut
470 701 621 781 epistulam
637 702 689 762 tibi
703 701 738 760 ad
752 699 918 782 Pompeium
933 700 1067 776 Plantam,

55 785 240 863 spraeiectum
255 786 393 865 Aegypti,
409 788 528 848 amicum
541 804 648 864 meum,
662 786 776 848 mittam.

445 920 521 981 vui.
543 919 687 999 [xxcii]

283 1021 310 1072 G.
330 1018 455 1072 PLINIUS
472 1019 616 1070 TRAIANO
633 1017 842 1072 impensioni.

131 1121 200 1182 Cum
212 1123 296 1183 divus
310 1133 393 1203 pater
408 1131 491 1199 tuus,
508 1121 631 1198 domine,
648 1131 678 1181 et
693 1123 820 1181 oratione
833 1121 1023 1200 pulcherrima
1039 1133 1093 1188 etl

47 1205 267 1271 inhonestissime
283 1204 417 1284 exemplo
433 1223 530 1266 omues
544 1207 625 1266 cives
639 1204 675 1264 ad
692 1206 911 1266 munificentiam
926 1215 1006 1267 essct
1021 1224 1069 1266 co-

75 1289 207 1368 hortatus,
227 1292 299 1368 petii
311 1290 345 1350 ab
364 1305 400 1349 eo
417 1297 449 1349 ut
463 1298 569 1350 statuas
588 1290 764 1367 principum,
782 1306 851 1366 quas
866 1291 894 1348 in
908 1288 1070 1367 longinquis

76 1374 142 1450 agris
150 1393 209 1518 per
223 1373 323 1454 plures
344 1375 548 1435 successiones
565 1371 678 1432 traditas
694 1372 761 1432 mibi
780 1370 879 1451 quales
900 1391 1069 1452 ascoperam

77 1467 148 1517 custo
168 1457 275 1536 lebam,
292 1459 470 1537 permitteret
485 1459 515 1517 in
529 1458 711 1535 municipium
723 1455 877 1517 nanslerre
891 1456 1003 1518 adiecta
1017 1474 1068 1517 soa

77 1549 164 1602 statua.
195 1540 281 1615 Quod
300 1540 412 1620 quidem
435 1539 484 1600 ille
505 1540 572 1602 mibi
588 1557 652 1600 cum
666 1539 834 1619 plenissimo
849 1543 1011 1602 testimonio
1027 1543 1093 1601 inb

48 1624 203 1694 iddulserat3
224 1644 283 1704 ego
305 1627 397 1686 statim
418 1625 618 1686 decurionibus
640 1627 814 1704 scripseram
837 1633 868 1685 ut
887 1626 1069 1704 adsignarent

77 1707 158 1768 solum
177 1712 205 1770 in
228 1727 286 1790 qno
306 1710 441 1787 templum
463 1711 586 1787 pecunia
605 1726 667 1768 mea
683 1719 861 1778 extruerem;
882 1708 922 1769 illi
938 1712 965 1768 in
981 1709 1069 1768 bono-

78 1811 129 1852 rem
144 1795 353 1874 operisipsius
376 1793 550 1853 electionem
570 1791 629 1853 loci
649 1792 715 1852 mibi
732 1790 903 1854 obtulerant.
933 1793 991 1852 Sed
1013 1794 1095 1871 pri-3

78 1894 141 1936 mun
152 1895 228 1954 mea,
254 1877 357 1938 deinde
377 1877 465 1957 patris
482 1879 522 1936 tui
538 1874 708 1953 valitudine,
731 1885 835 1954 postea
853 1879 928 1938 curis
943 1876 1068 1954 delegati

42 1971 51 2031 ι
79 1962 181 2024 euobis
197 1963 286 2022 oflicii
309 1969 454 2038 retentus,
476 1977 549 2020 nunc
566 1959 669 2020 videor
690 1958 917 2024 commodissime
938 1959 1069 2041 possein

46 2048 130 2104 torem
144 2055 322 2126 praesentem
336 2063 501 2106 excurrere.
532 2041 603 2104 Nam
622 2054 652 2105 et
672 2055 845 2105 menstruum
859 2063 953 2106 meum
967 2043 1070 2105 Kalen-

79 2125 115 2185 dis
128 2127 341 2210 Septembribus
357 2130 449 2189 linitur
466 2136 496 2189 et
514 2147 640 2207 sequens
655 2130 762 2190 mensis
779 2128 933 2208 conplures
948 2129 1010 2190 dies
1028 2128 1070 2189 ie-

79 2213 153 2273 riatos
169 2214 264 2275 babet.
287 2213 372 2291 Rogo
388 2230 459 2291 ergo
474 2222 540 2272 ante
556 2213 647 2272 omnia
661 2218 807 2291 permittas
823 2213 888 2273 mibi
904 2230 977 2292 opus
993 2210 1095 2291 quodi

78 2294 247 2359 inchoaturus
263 2317 325 2359 sum
341 2315 482 2359 exornare
497 2305 527 2357 et
542 2305 589 2357 tua
603 2305 705 2372 statua,
723 2296 838 2374 deinde,
853 2307 884 2359 ιιι
900 2298 956 2356 boc
972 2296 1069 2357 iacere

80 2395 151 2455 quam
164 2384 352 2443 maturissime
367 2383 487 2461 possim,
502 2379 651 2457 indulgeas
668 2391 864 2442 commeatum.
884 2379 948 2440 Non
964 2389 1009 2440 est
1023 2381 1095 2440 au·5

48 2461 128 2522 litem
142 2466 329 2546 simplicitatis
343 2483 424 2526 meae
438 2463 614 2526 dissimulare
628 2464 702 2541 apud
717 2464 872 2528 bonitatem
887 2473 962 2525 tuam
978 2464 1071 2523 obiter

80 2552 103 2604 te
115 2548 260 2627 plurimum
276 2549 451 2612 conlaturam
465 2547 632 2610 utilitatibus
648 2548 690 2609 rei
707 2548 851 2608 familiaris
865 2565 956 2609 meae.
978 2547 1070 2626 Agro-

79 2646 131 2690 rum
144 2636 214 2696 enim
235 2651 308 2715 quos
331 2637 359 2694 in
379 2632 480 2694 eadem
495 2634 615 2710 regione
630 2631 769 2710 possideo
781 2631 904 2709 locatio,
924 2651 987 2692 cum
1002 2631 1071 2692 alio-

80 2715 119 2790 qui
133 2713 229 2780 0000
246 2717 385 2796 excedat,
408 2717 481 2778 adeo
497 2735 553 2777 non
568 2727 666 2795 potest
682 2715 788 2778 diiierri
803 2725 833 2777 ut
850 2718 1005 2797 proximam
1021 2733 1070 2794 pu-

80 2799 200 2862 tationem
226 2821 317 2864 novus
341 2802 462 2864 colonus
485 2800 583 2863 iacere
606 2801 718 2862 debeat.
750 2800 901 2862 Praeterea
923 2803 1072 2862 continuae

48 2883 234 2948 testerilitates
256 2896 364 2966 cogunt
382 2904 429 2947 me
452 2885 488 2947 de
502 2885 718 2947 remissionibus
732 2887 874 2963 cogitare;
898 2904 1015 2966 quarum
1029 2903 1071 2946 ra-

81 2965 172 3028 tionem
188 2971 243 3033 nisi
258 2990 397 3051 praesens
414 2971 486 3032 inire
500 2987 557 3030 non
572 2987 699 3047 possum.
716 2969 839 3031 Debebo
852 2989 934 3048 ergo,
948 2970 1096 3046 domine‚6

80 3045 259 3132 indulgentiae
281 3065 347 3116 tuae
368 3064 398 3115 et
419 3055 534 3136 pictatis
552 3070 633 3114 meac
656 3053 833 3116 celeritatem
849 3064 879 3116 et
893 3064 982 3116 status
998 3051 1071 3112 ordi-

80 3136 224 3218 nationem,
252 3142 277 3201 si
298 3137 364 3198 mibi
385 3140 422 3200 ob
442 3147 561 3218 utraque
583 3137 657 3200 baec
679 3137 795 3201 dederis
817 3146 1003 3200 commeatum
1023 3136 1072 3196 tri-

81 3215 149 3290 ginta
166 3221 282 3283 diemm.
313 3221 417 3301 Neque
438 3224 511 3283 enim
533 3223 680 3300 angustius
701 3232 815 3302 tempus
836 3221 985 3301 praefinire
1005 3235 1072 3297 pos·

49 3299 147 3379 utrum,
165 3324 226 3366 cum
242 3317 271 3367 et
289 3308 473 3386 municipium
490 3316 520 3367 et
532 3308 594 3384 agri
615 3305 651 3368 de
673 3306 775 3386 quibus
800 3305 903 3386 loquor
924 3305 979 3365 sint
1000 3301 1072 3362 ultra

83 3390 254 3450 centesimum
268 3400 298 3452 ct
312 3391 577 3470 quinquagesimum
594 3389 725 3470 lapidem.
