2614 4104
361 313 629 378 Pambdlltlcth
644 325 690 380 91.
701 327 745 380 ca.
758 325 859 381 aeae
1051 317 1113 384 297

104 481 156 534 tuo
170 469 276 530 iudicio
291 468 429 530 consules
442 467 511 529 iacti
523 515 532 546 ,
556 477 690 548 tuaprece
704 470 856 530 renuntiati
868 485 978 548 umus,
993 481 1025 533 at
1038 472 1115 533 idem

105 554 263 614 honoribus
286 554 393 612 nostum
416 553 588 630 samagam
611 554 640 611 iu
660 553 754 631 coris,
781 554 810 612 in
832 569 935 632 campo
954 553 1116 616 declarator

105 639 261 698 existeres.
278 634 351 696 llam
362 635 441 714 quod
453 637 482 696 ei
493 653 550 697 ooo
564 637 744 714 potissumum
755 638 849 698 mensi
863 638 1015 698 attribuisti
1028 657 1114 719 quem

105 732 172 782 tuus
186 719 289 781 natalie
303 729 435 797 exornat,
446 735 531 798 qaam
537 719 691 798 pulchrum
700 719 799 780 nobie!
814 722 918 798 quibas
931 722 1038 799 edicto,
1053 725 1115 801 qui·
1234 745 1241 764 .

75 806 160 870 ebur
180 803 348 882 spectaculo
369 803 522 864 celebrare
543 803 691 881 continget
705 804 780 863 diem
795 803 875 862 illum
891 804 996 884 triplici
1010 807 1115 884 gando

105 888 222 966 laetum,
238 888 286 966 qui
301 888 462 966 principem
476 886 594 948 metulit
608 889 782 966 pessimum,
799 886 877 948 dedit
892 890 1039 968 optimum,
1053 909 1114 951 me·

104 972 208 1032 liorem
223 971 331 1050 optimo
349 971 460 1048 genuit.
476 969 538 1032 Nos
552 971 607 1031 sub
620 970 714 1032 oeulis
725 971 782 1032 tuis
792 971 1040 1051 augustiorsolito
1052 991 1116 1035 cur-

103 1073 154 1117 rns
174 1055 316 1132 accipiet,
341 1071 396 1116 uos
409 1055 486 1115 inter
500 1055 626 1115 secunda
647 1056 740 1114 omina
757 1063 787 1114 et
806 1061 874 1116 uota
890 1059 1028 1117 certantia
1042 1072 1116 1136 qnae

103 1141 251 1221 praesenti
272 1139 324 1198 tibi
344 1137 532 1198 conferentur
548 1137 689 1200 vebemur
704 1137 816 1200 alacres
837 1149 867 1200 et
885 1141 988 1200 incerti
1002 1158 1040 1202 ex
1054 1149 1116 1202 utra

59 1237 97 1289 ιο
105 1233 188 1303 parte
207 1222 297 1282 maior
316 1222 433 1283 auribus
451 1223 558 1282 nostris
577 1223 687 1284 occidet
702 1221 818 1282 clamor.
852 1223 949 1302 Super
965 1226 1057 1284 omnia
1073 1234 1114 1286 te·
1125 1225 1168 1288 93

105 1325 171 1367 meu
185 1305 405 1386 praedicandum
415 1305 531 1366 uidetur
544 1306 621 1386 quod
635 1307 742 1385 pateris
756 1305 894 1386 consuler
905 1321 974 1368 esse
989 1325 1062 1385 quos
1072 1308 1116 1368 le·

105 1391 186 1452 cleti:
203 1389 313 1468 quippe
326 1387 623 1469 nullumpericulum,
639 1388 733 1450 nullus
751 1407 790 1450 er
802 1392 934 1470 principe
943 1399 1116 1451 metuscon·

104 1474 217 1535 salares
231 1475 340 1533 animoa
355 1469 485 1534 debilitat
501 1480 533 1532 et
544 1474 667 1552 frangit,
681 1471 750 1532 nibil
763 1475 859 1536 invitis
872 1474 1059 1552 audiendum,
1072 1476 1115 1534 ni·

104 1557 146 1618 bil
162 1559 271 1618 coactis
289 1556 502 1618 decernendum
515 1560 581 1620 crit
604 1557 701 1618 llanet
712 1558 896 1638 manebitque
909 1558 1011 1620 honori
1026 1577 1116 1619 uene·

60 1655 96 1708 15
104 1643 180 1703 ratio
200 1659 269 1719 sua,
297 1659 353 1701 nee
372 1643 558 1703 securitatem
574 1644 742 1704 auctoritate
755 1642 922 1719 perdemus.
949 1641 995 1702 Ac
1008 1642 1117 1721 siquid

105 1726 182 1786 iorte
197 1742 236 1784 ex
251 1724 417 1786 consulatus
432 1724 550 1802 lastigie
564 1727 653 1786 luerit
667 1723 848 1804 dinainutum,
863 1734 961 1787 nostru
973 1725 1046 1787 baec
1061 1729 1116 1786 erit

106 1809 209 1888 culpa,
229 1827 287 1869 uon
301 1808 421 1870 saeculi.
448 1809 530 1870 licet
542 1811 635 1887 enim,
655 1818 790 1888 quantum
802 1808 838 1870 ad
852 1812 1028 1889 principem,
1045 1809 1117 1870 licet

106 1892 180 1954 tales
197 1893 333 1954 consules
347 1911 437 1972 agere
452 1889 553 1972 quales
566 1902 633 1956 ente
648 1893 794 1972 principes
808 1903 899 1954 erant.
918 1893 1049 1954 Ullamne
1064 1894 1116 1954 tibi

105 1993 159 2056 pre
181 1975 330 2037 beneflciis
353 1977 465 2039 referre
486 1980 604 2054 gratiam
625 1992 724 2054 parem
744 1974 920 2054 possumus?
940 1978 995 2038 uisi
1009 1985 1116 2038 tautum

59 2060 184 2125 boillum
197 2070 228 2120 ut
243 2079 359 2141 semper
379 2077 434 2122 nos
447 2063 659 2124 meminerimus
674 2059 812 2122 consules
826 2060 919 2122 luisse
931 2071 962 2122 et
978 2059 1117 2123 consules

105 2155 189 2222 tuos,
214 2161 249 2204 ea
271 2148 445 2222 sentiemus,
474 2160 509 2205 na
531 2161 699 2209 censeamus
722 2163 795 2224 quae
816 2144 1016 2206 consularibus
1030 2146 1116 2223 digna

106 2236 191 2306 sunt,
211 2230 251 2288 lta
264 2247 415 2290 versemur
429 2230 458 2289 in
471 2246 504 2288 rc
520 2229 635 2310 publica
647 2239 679 2289 ut
694 2228 844 2290 credamus
860 2247 929 2291 esse
944 2247 1005 2289 rem
1021 2228 1116 2308 publi·

100 2329 188 2389 cam,
208 2328 265 2372 uon
284 2313 434 2373 consilium
449 2319 595 2391 nostrum,
618 2331 676 2374 non
691 2329 809 2391 operam
822 2311 1038 2389 subtrahamus,
1059 2329 1117 2374 nec

106 2395 256 2456 deiunctae
276 2414 331 2458 uos
351 2407 381 2458 et
396 2398 477 2476 quasi
497 2394 630 2460 dimissos
650 2395 820 2473 consulatu,
842 2396 894 2458 sed
916 2397 996 2475 quasi
1014 2394 1116 2456 adstri·

60 2491 97 2545 25
108 2489 172 2540 ctos
187 2490 217 2540 et
227 2479 375 2542 devinctos
389 2490 542 2561 putemus,
557 2480 736 2560 eundemque
751 2479 848 2540 locum
860 2478 967 2540 laboris
984 2489 1013 2540 et
1031 2496 1116 2539 curae

107 2581 193 2642 quem
204 2566 383 2626 reuerentiae
399 2563 603 2646 dignitatisque
616 2572 777 2626 teneamus.

169 2645 202 2706 lu
224 2650 280 2710 nne
299 2649 436 2710 orationis
455 2651 605 2729 praesides
622 2647 818 2726 custodesque
835 2648 948 2725 imperii
963 2645 1036 2706 dece
1055 2663 1113 2724 eqo
1124 2643 1168 2708 94

106 2729 207 2791 consul
223 2749 276 2810 pro
288 2734 377 2794 rebus
394 2733 541 2810 humanis,
562 2751 597 2794 ac
611 2743 641 2793 te
655 2733 830 2810 praecipue,
843 2727 1005 2810 Capitoline
1020 2727 1117 2809 lappi-

106 2825 168 2892 ter,
183 2833 289 2895 precor
302 2826 334 2877 nt
348 2817 498 2878 beneliciis
512 2820 569 2877 tuis
584 2817 682 2877 faveas
697 2817 841 2894 tantisque
851 2814 1017 2876 muneribus
1030 2813 1117 2875 addes

64 2902 338 2978 toperpetnitatcm.
359 2901 473 2962 Audisti
486 2919 560 2981 quae
575 2900 649 2960 malo
663 2900 786 2979 principi
797 2899 997 2977 precabamur,
1014 2896 1118 2958 exaudi

107 2999 182 3063 quae
196 3001 250 3062 pro
262 2984 452 3046 dissimillimo
464 2995 606 3066 optamus.
625 2982 690 3045 Nou
703 2991 733 3045 te
746 2983 940 3061 distringimus
951 2984 1037 3042 votis.
1052 2981 1118 3042 Non

107 3067 182 3126 euim
197 3085 315 3147 pacem,
331 3086 389 3129 non
404 3069 599 3145 concordiam,
616 3085 673 3128 nou
684 3069 880 3144 securitatem,
895 3083 951 3126 non
967 3081 1039 3144 opes
1054 3077 1118 3126 cra·

105 3167 187 3229 mue,
201 3168 258 3211 non
267 3152 411 3214 bonores:
425 3153 551 3234 simplex
562 3161 720 3231 cunctaque
735 3153 791 3212 ista
806 3148 980 3228 conplexum
994 3150 1118 3208 omnium

106 3243 206 3294 votum
218 3245 281 3315 est,
299 3235 377 3298 salus
391 3237 541 3317 principis.
559 3235 623 3296 Nec
638 3252 709 3296 vero
720 3252 794 3294 nova
809 3233 861 3293 tibi
871 3232 1052 3308 iniungimus.
1075 3229 1119 3292 'l'u

64 3328 100 3382 35
109 3321 185 3378 enim
204 3321 258 3379 iam
272 3330 339 3380 tuuc
353 3319 475 3380 illumin
494 3319 612 3380 tutelam
625 3318 781 3397 recepisti,
808 3333 872 3376 cum
885 3314 1039 3394 praedonis
1060 3317 1119 3375 aui·

109 3403 217 3463 dissimi
231 3403 364 3464 faucibus
381 3404 519 3482 eripuisti.
550 3401 653 3482 Neque
674 3403 748 3462 euim
763 3401 825 3461 siue
840 3398 946 3459 auxilio
961 3408 1027 3476 tuo,
1055 3416 1119 3458 cum

109 3484 246 3548 almaeima
261 3505 394 3567 quaeque
408 3495 609 3566 quaterentur,
622 3486 671 3546 bic
681 3485 731 3564 qui
744 3484 874 3545 omuibus
885 3481 1031 3544 excelsior
1046 3490 1118 3559 erat,

110 3570 302 3634 inconcussus
317 3573 407 3633 stetit.
427 3570 601 3632 Praeteritus
616 3579 661 3631 cst
672 3570 823 3650 apeasimc
835 3567 965 3648 principe
977 3568 1026 3646 qui
1036 3583 1118 3647 prae·
