2632 4096
409 280 672 344 EPISTULARUM
688 281 737 342 111.
760 293 787 344 9.
808 299 817 314 ·
1066 280 1108 346 53

110 454 163 498 non
177 455 231 516 pro
244 455 276 498 se
293 435 346 496 sad
359 453 413 516 pro
432 453 518 496 cansa
535 437 673 496 niteretur
678 458 686 504 ;
701 437 785 495 cuias
798 445 827 496 et
837 432 999 514 magnitudo
1011 444 1042 495 ot
1054 435 1107 495 uti·

111 519 170 581 litas
177 522 238 582 visu
251 530 296 581 est
307 519 455 600 postulare
467 538 503 580 ne
515 529 621 580 tantum
633 521 730 580 oneris
741 518 861 597 singulis
871 519 1029 580 actionibus
1039 519 1107 579 sub·

109 606 218 666 iremus.
248 603 536 666 Verebamurnenos
548 605 626 682 dies,
646 621 768 681 nevox,
787 601 1133 679 nelateradelicersst,9

108 690 130 746 si
140 689 316 766 totcrimina,
328 697 371 748 tot
381 705 449 748 reos
460 705 515 748 ano
527 688 606 748 relut
616 687 696 748 fasce
708 687 980 766 complecteramur;
991 685 1105 760 deinde,

85 787 142 838 sne
157 771 280 832 iudicum
295 773 414 832 instantio
430 770 526 832 multis
543 772 701 832 nominibus
712 771 864 850 multisque
878 771 971 831 causis
981 786 1039 829 non
1050 768 1106 829 las·

106 863 213 915 seretur
222 855 308 915 modo
319 873 419 916 verum
430 857 513 916 etiam
525 854 762 925 confoederatum
783 873 866 932 mox,
889 873 926 914 ne
940 855 1032 931 gratia
1050 854 1107 914 sin·

106 937 233 1016 ςιίοιιιιιι
247 937 359 1000 conlata
375 949 460 1018 atque
475 942 613 1018 permixta
627 957 681 1019 pro
696 938 815 1017 singulis
830 956 946 1019 quoque
957 937 1035 997 vires
1046 954 1106 997 om·

105 1024 176 1089 aiom
195 1026 363 1101 acciperem
392 1031 554 1101 Ροιειιιιιο,
572 1041 609 1083 ne
630 1024 818 1101 potentissimi
832 1023 972 1084 vilissimo
988 1037 1105 1100 qnoque

105 1108 181 1184 quai
198 1105 339 1186 piaculari
362 1105 426 1167 doto
447 1105 548 1167 alienis
570 1110 672 1186 poeuis
694 1106 882 1167 elaberentor.
914 1105 1027 1166 Etenim
1046 1112 1105 1164 tam
1114 1121 1148 1172 10

73 1191 221 1254 rosarius
233 1190 317 1254 favor
329 1199 362 1249 ot
371 1191 488 1250 ambitio
504 1189 668 1267 dominatur,
684 1208 749 1251 oum
762 1191 818 1250 sub
833 1191 927 1268 aliqua
941 1191 1044 1267 specie
1055 1208 1104 1249 se·

104 1275 227 1334 ventam
240 1273 416 1336 delitescere
433 1283 538 1352 potest.
561 1274 630 1336 llmt
645 1277 673 1334 in
688 1273 809 1335 consilio
825 1273 1018 1334 Sertorianum
1033 1271 1104 1331 illud
1114 1285 1146 1338 11

105 1357 278 1438 exemplum,
299 1359 346 1436 qui
365 1359 591 1428 robustissimum
611 1367 641 1419 et
656 1359 870 1418 infirmissimum
886 1355 1001 1416 militem
1021 1357 1105 1416 iussit

105 1441 215 1502 caudam
227 1444 296 1521 equi
305 1477 338 1488 -
349 1441 457 1522 reliqua
469 1445 553 1503 nosti.
573 1441 644 1502 Nam
657 1459 710 1502 nos
726 1459 841 1523 quorpsa
856 1451 911 1502 tam
924 1455 1105 1500 numerosum

104 1542 201 1602 agnen
220 1544 338 1587 reorum
358 1528 396 1586 ita
415 1527 526 1586 demum
547 1527 712 1588 videbamus
732 1544 821 1604 posse
844 1525 990 1605 superari,
1012 1524 1105 1604 siper

73 1613 98 1666 15
106 1609 229 1686 singvlos
245 1619 420 1689 carperetur.
449 1609 558 1671 Placuit
571 1613 600 1671 in
614 1612 712 1688 prunis
727 1609 994 1690 ipsumclassicum
1008 1617 1146 1678 osten-12

104 1691 168 1752 dere
176 1703 346 1754 nocentem:
358 1695 406 1754 bic
416 1696 576 1772 optinuimus
589 1695 625 1754 ad
635 1696 732 1756 socios
745 1697 806 1755 eins
818 1704 849 1754 et
858 1695 1002 1756 ministros
1013 1703 1103 1754 trans-

105 1778 155 1836 itus
175 1789 253 1856 erat,
275 1781 341 1856 quia
357 1779 428 1838 sodi
448 1778 623 1857 ministrique
644 1779 759 1857 probari
772 1781 827 1838 nisi
844 1777 894 1839 illo
909 1786 1032 1838 nocente
1047 1794 1104 1836 non

105 1868 246 1936 potamum
274 1879 311 1922 ex
329 1863 432 1941 quibus
445 1862 520 1922 duos
535 1865 627 1922 statim
642 1861 773 1923 Classico
788 1862 945 1940 ἰιιιιιιίιιιιι,
968 1861 1104 1921 Baebium

105 1941 389 2006 autumationum
399 1944 563 2026 Hispanum,
580 1957 729 2025 utrumqne
739 1949 839 2025 gutia,
854 1946 1010 2026 Hispanum
1018 1947 1104 2006 etiam

70 2027 229 2090 tolaondia
244 2029 376 2090 validm.
408 2029 446 2090 lit
465 2025 541 2090 circa
557 2029 714 2092 Classicum
729 2031 843 2111 quidem
856 2031 953 2092 breuis
968 2039 999 2090 et
1013 2041 1148 2108 expe-13

106 2109 173 2172 ditus
186 2112 277 2174 labor.
307 2113 363 2174 Suo
376 2131 459 2174 roanu
473 2115 628 2194 reliquerat
642 2118 779 2195 scriptum
794 2115 861 2194 quid
877 2133 914 2175 ex
929 2131 1043 2195 quaque
1058 2131 1102 2190 ra,

106 2195 166 2272 qnid
181 2215 219 2256 ex
233 2215 347 2276 quaque
363 2215 448 2258 causa
462 2201 641 2277 accepisset:
663 2203 778 2260 miserat
793 2201 877 2260 etiam
893 2198 1031 2277 epistulas
1046 2196 1107 2256 Ro-

105 2293 170 2338 mam
182 2281 218 2342 ad
232 2281 380 2342 amicnlns
394 2283 530 2361 quandam
543 2285 679 2344 iactantes
695 2293 725 2344 et
738 2283 896 2361 gloriosae,
922 2283 967 2344 bis
989 2280 1107 2362 quidem

106 2365 195 2424 verbis
211 2367 255 2426 ‘io
270 2366 310 2444 io,
325 2365 398 2428 liber
410 2365 447 2426 ad
462 2376 493 2427 te
506 2369 605 2436 venio;
627 2370 681 2428 iarn
696 2369 858 2428 sestertium
872 2366 1043 2444 quadragies
1056 2381 1102 2422 re·

72 2443 167 2524 ttdegi
187 2459 269 2526 parte
288 2450 401 2510 vendita
421 2449 622 2512 Baeticorum?
652 2450 736 2511 Circa
755 2450 908 2528 Hispanum
931 2459 960 2510 et
980 2447 1102 2509 Probum
1111 2453 1146 2510 ll

107 2531 214 2592 multum
228 2533 350 2594 sudoris.
377 2532 483 2594 llonum
499 2545 564 2596 anto
579 2553 662 2616 quam
678 2537 794 2596 crimina
806 2533 984 2610 ingrederer,
999 2549 1103 2592 noces-

107 2615 202 2675 sariom
214 2617 323 2678 credidi
339 2617 488 2679 elaborare
503 2628 534 2679 ut
548 2627 691 2681 constaret
705 2619 889 2678 ministeriam
901 2619 1007 2677 crimen
1018 2633 1102 2684 esse;

107 2699 242 2776 quodnisi
257 2702 408 2779 iecissem,
425 2703 530 2764 frustra
543 2705 685 2764 ministros
699 2702 876 2782 probassem.
906 2699 1010 2780 Neque
1026 2701 1102 2760 enim
1111 2708 1144 2762 1⁵

106 2780 139 2840 ita
151 2781 373 2846 distendebantur
386 2797 418 2847 ot
430 2797 578 2865 negarent,
594 2787 647 2848 sed
661 2796 692 2847 ut
704 2787 869 2847 necessitati
880 2787 991 2846 veniam
1002 2802 1101 2862 preca·

74 2866 208 2932 tirmior:
223 2887 291 2930 asse
305 2871 426 2932 enimse
444 2870 634 2949 provinciales
651 2879 681 2932 at
693 2867 729 2931 ad
742 2887 825 2932 outae
839 2869 1042 2949 proconsulum
1052 2870 1102 2928 im·

107 2951 206 3024 parium
220 2963 297 3016 metu
309 2955 386 3033 cogi.
418 2955 502 3016 Solet
516 2954 613 3016 dicere
629 2952 764 3016 claudius
779 2954 954 3032 Restitutus,
971 2955 1019 3033 qui
1033 2953 1100 3012 mibi
1110 2959 1144 3013 16

107 3036 263 3111 litim,
283 3039 520 3100 vimenerctrams
540 3049 571 3100 et
584 3035 707 3110 vigilans
720 3049 752 3100 et
766 3038 921 3113 quamlibet
936 3037 1037 3098 subitis
1051 3052 1101 3102 oa

107 3113 188 3178 ratus,
203 3128 363 3188 numquam
378 3113 437 3172 eibi
451 3119 564 3170 tantum
580 3114 723 3188 caliginis,
740 3121 855 3174 motum
866 3112 1098 3192 perturbationis

112 3189 236 3262 ιιῐιιιιιιιι,
249 3211 337 3273 quarn
351 3213 420 3256 com
434 3202 590 3272 praerepta
606 3201 635 3254 et
649 3201 761 3256 extorta
778 3195 944 3258 defensioni
951 3213 1021 3256 suae
1032 3211 1097 3256 cer·

74 3273 100 3324 tt
109 3286 184 3336 umet
193 3279 223 3344 in
232 3277 340 3358 quibus
349 3295 467 3340 omnem
476 3275 612 3338 fiduciam
620 3278 792 3356 reponebat.
809 3277 927 3341 Consilii
934 3279 1028 3340 nostri
1037 3279 1096 3338 eri·
1109 3287 1140 3338 tt

109 3360 150 3416 tus
162 3359 223 3422 luit
239 3361 316 3424 bona
330 3361 452 3424 Classici
463 3377 538 3438 quaa
552 3357 707 3442 habuisset
717 3372 786 3422 ante
797 3361 978 3442 provinciam
990 3361 1099 3440 placuit

111 3447 215 3506 samtut
228 3465 245 3508 a
258 3445 379 3525 reliquis
394 3447 535 3523 separari.
550 3444 599 3505 illa
614 3445 702 3514 tiliae,
717 3445 792 3506 baec
816 3443 947 3522 spoliatis
961 3445 1097 3524 relinqui.

111 3520 233 3589 ldditum
247 3535 334 3590 estut
345 3531 489 3610 pecuniae
500 3545 573 3608 quas
584 3527 783 3590 creditoribus
794 3529 1098 3591 solveratrevocaran·
