<?xml version="1.0" encoding="UTF-8"?>
<!DOCTYPE html PUBLIC "-//W3C//DTD XHTML 1.0 Transitional//EN"
    "http://www.w3.org/TR/xhtml1/DTD/xhtml1-transitional.dtd">
<html xmlns="http://www.w3.org/1999/xhtml" xml:lang="en" lang="en">
 <head>
  <title>
</title>
<meta http-equiv="Content-Type" content="text/html;charset=utf-8" />
  <meta name='ocr-system' content='tesseract 3.04.00' />
  <meta name='ocr-capabilities' content='ocr_page ocr_carea ocr_par ocr_line ocrx_word'/>
</head>
<body>
  <div class='ocr_page' id='page_1' title='image "./epistularumlibr00plingoog_0260.png"; bbox 0 0 2614 4104; ppageno 0'>
   <div class='ocr_carea' id='block_1_1' title="bbox 270 241 1091 322">
    <p class='ocr_par' dir='ltr' id='par_1_1' title="bbox 270 241 1091 322">
     <span class='ocr_line' id='line_1_1' title="bbox 270 241 1091 322; baseline 0.002 -18"><span class='ocrx_word' id='word_1_1' title='bbox 270 243 533 305; x_wconf 77' lang='lat' dir='ltr'><strong>uersuumnuu</strong></span> <span class='ocrx_word' id='word_1_2' title='bbox 547 251 708 308; x_wconf 74' lang='lat' dir='ltr'><strong>ou-ne</strong></span> <span class='ocrx_word' id='word_1_3' title='bbox 719 244 901 322; x_wconf 74' lang='lat' dir='ltr'><strong>[os.-105.]</strong></span> <span class='ocrx_word' id='word_1_4' title='bbox 1029 241 1091 306; x_wconf 79' lang='lat' dir='ltr'><strong>sss</strong></span> 
     </span>
    </p>
   </div>
   <div class='ocr_carea' id='block_1_2' title="bbox 417 392 754 548">
    <p class='ocr_par' dir='ltr' id='par_1_2' title="bbox 417 392 754 548">
     <span class='ocr_line' id='line_1_2' title="bbox 478 392 700 474; baseline 0.005 -18"><span class='ocrx_word' id='word_1_5' title='bbox 478 392 620 456; x_wconf 86' lang='lat' dir='ltr'><strong>xcvrur.</strong></span> <span class='ocrx_word' id='word_1_6' title='bbox 642 393 700 474; x_wconf 81' lang='lat' dir='ltr'><strong>[c]</strong></span> 
     </span>
     <span class='ocr_line' id='line_1_3' title="bbox 417 494 754 548; baseline -0.003 -1"><span class='ocrx_word' id='word_1_7' title='bbox 417 494 582 548; x_wconf 82' lang='lat' dir='ltr'>TRAIANUS</span> <span class='ocrx_word' id='word_1_8' title='bbox 601 495 707 548; x_wconf 89' lang='lat' dir='ltr'>PLINIO</span> <span class='ocrx_word' id='word_1_9' title='bbox 728 495 754 546; x_wconf 92' lang='lat' dir='ltr'><strong>S.</strong></span> 
     </span>
    </p>
   </div>
   <div class='ocr_carea' id='block_1_3' title="bbox 57 595 1093 927">
    <p class='ocr_par' dir='ltr' id='par_1_3' title="bbox 57 595 1093 927">
     <span class='ocr_line' id='line_1_4' title="bbox 138 595 1093 676; baseline 0.004 -20"><span class='ocrx_word' id='word_1_10' title='bbox 138 595 277 658; x_wconf 87' lang='lat' dir='ltr'><strong>Rationis</strong></span> <span class='ocrx_word' id='word_1_11' title='bbox 292 606 354 674; x_wconf 89' lang='lat' dir='ltr'><strong>est,</strong></span> <span class='ocrx_word' id='word_1_12' title='bbox 376 597 413 656; x_wconf 92' lang='lat' dir='ltr'><strong>mi</strong></span> <span class='ocrx_word' id='word_1_13' title='bbox 427 596 559 657; x_wconf 86' lang='lat' dir='ltr'><strong>Secunde</strong></span> <span class='ocrx_word' id='word_1_14' title='bbox 576 597 739 675; x_wconf 76' lang='lat' dir='ltr'><strong>carissime,</strong></span> <span class='ocrx_word' id='word_1_15' title='bbox 763 596 880 674; x_wconf 86' lang='lat' dir='ltr'><strong>contegi</strong></span> <span class='ocrx_word' id='word_1_16' title='bbox 894 615 993 676; x_wconf 87' lang='lat' dir='ltr'><strong>aquam</strong></span> <span class='ocrx_word' id='word_1_17' title='bbox 1010 599 1093 660; x_wconf 86' lang='lat' dir='ltr'><strong>istam</strong></span> 
     </span>
     <span class='ocr_line' id='line_1_5' title="bbox 78 679 1091 760; baseline 0.002 -20"><span class='ocrx_word' id='word_1_18' title='bbox 78 699 150 760; x_wconf 87' lang='lat' dir='ltr'><strong>quae</strong></span> <span class='ocrx_word' id='word_1_19' title='bbox 172 699 232 760; x_wconf 87' lang='lat' dir='ltr'><strong>per</strong></span> <span class='ocrx_word' id='word_1_20' title='bbox 249 681 392 741; x_wconf 86' lang='lat' dir='ltr'><strong>civitatem</strong></span> <span class='ocrx_word' id='word_1_21' title='bbox 405 679 646 742; x_wconf 76' lang='lat' dir='ltr'>Amastrianorum</span> <span class='ocrx_word' id='word_1_22' title='bbox 663 681 740 759; x_wconf 88' lang='lat' dir='ltr'><strong>lluit,</strong></span> <span class='ocrx_word' id='word_1_23' title='bbox 763 682 788 741; x_wconf 90' lang='lat' dir='ltr'><strong>si</strong></span> <span class='ocrx_word' id='word_1_24' title='bbox 808 681 914 741; x_wconf 88' lang='lat' dir='ltr'><strong>intecta</strong></span> <span class='ocrx_word' id='word_1_25' title='bbox 935 680 1091 742; x_wconf 77' lang='lat' dir='ltr'><strong>salubritati</strong></span> 
     </span>
     <span class='ocr_line' id='line_1_6' title="bbox 57 763 1091 843; baseline -0.001 -19"><span class='ocrx_word' id='word_1_26' title='bbox 57 766 174 826; x_wconf 77' lang='lat' dir='ltr'><strong>tobest.</strong></span> <span class='ocrx_word' id='word_1_27' title='bbox 210 764 339 825; x_wconf 77' lang='lat' dir='ltr'>Pecunia</span> <span class='ocrx_word' id='word_1_28' title='bbox 358 783 395 825; x_wconf 89' lang='lat' dir='ltr'><strong>ne</strong></span> <span class='ocrx_word' id='word_1_29' title='bbox 417 765 483 824; x_wconf 89' lang='lat' dir='ltr'><strong>huic</strong></span> <span class='ocrx_word' id='word_1_30' title='bbox 504 765 585 843; x_wconf 87' lang='lat' dir='ltr'><strong>operi</strong></span> <span class='ocrx_word' id='word_1_31' title='bbox 607 764 682 826; x_wconf 87' lang='lat' dir='ltr'><strong>desit</strong></span> <span class='ocrx_word' id='word_1_32' title='bbox 703 774 862 824; x_wconf 88' lang='lat' dir='ltr'><strong>curaturum</strong></span> <span class='ocrx_word' id='word_1_33' title='bbox 885 775 914 825; x_wconf 93' lang='lat' dir='ltr'><strong>te</strong></span> <span class='ocrx_word' id='word_1_34' title='bbox 935 763 1091 826; x_wconf 86' lang='lat' dir='ltr'><strong>secundum</strong></span> 
     </span>
     <span class='ocr_line' id='line_1_7' title="bbox 77 847 590 927; baseline 0 -21"><span class='ocrx_word' id='word_1_35' title='bbox 77 847 259 927; x_wconf 74' lang='lat' dir='ltr'>diligentiam</span> <span class='ocrx_word' id='word_1_36' title='bbox 274 857 348 908; x_wconf 81' lang='lat' dir='ltr'><strong>tuam</strong></span> <span class='ocrx_word' id='word_1_37' title='bbox 363 858 472 909; x_wconf 88' lang='lat' dir='ltr'><strong>eertum</strong></span> <span class='ocrx_word' id='word_1_38' title='bbox 486 848 590 910; x_wconf 88' lang='lat' dir='ltr'><strong>babeo.</strong></span> 
     </span>
    </p>
   </div>
   <div class='ocr_carea' id='block_1_4' title="bbox 309 979 865 1136">
    <p class='ocr_par' dir='ltr' id='par_1_4' title="bbox 309 979 865 1136">
     <span class='ocr_line' id='line_1_8' title="bbox 552 980 645 1041; baseline -0.022 0"><span class='ocrx_word' id='word_1_39' title='bbox 552 1027 559 1041; x_wconf 91' lang='lat'><strong><em>.</em></strong></span> <span class='ocrx_word' id='word_1_40' title='bbox 623 980 645 1040; x_wconf 87' lang='grc' dir='ltr'><strong>Ι.</strong></span> 
     </span>
     <span class='ocr_line' id='line_1_9' title="bbox 309 979 865 1136; baseline 0 -6"><span class='ocrx_word' id='word_1_41' title='bbox 309 1079 336 1136; x_wconf 84' lang='lat' dir='ltr'><strong>U.</strong></span> <span class='ocrx_word' id='word_1_42' title='bbox 353 1079 479 1132; x_wconf 85' lang='lat' dir='ltr'>PLINIUS</span> <span class='ocrx_word' id='word_1_43' title='bbox 494 979 865 1132; x_wconf 65' lang='lat' dir='ltr'>TIIAIANOIIMPERATORI.</span> 
     </span>
    </p>
   </div>
   <div class='ocr_carea' id='block_1_5' title="bbox 45 1181 1091 1682">
    <p class='ocr_par' dir='ltr' id='par_1_5' title="bbox 45 1181 1091 1597">
     <span class='ocr_line' id='line_1_10' title="bbox 45 1181 1090 1272; baseline 0.006 -35"><span class='ocrx_word' id='word_1_44' title='bbox 45 1185 72 1237; x_wconf 86' lang='lat'><strong>10</strong></span> <span class='ocrx_word' id='word_1_45' title='bbox 138 1181 236 1272; x_wconf 84' lang='lat' dir='ltr'><strong>tha,</strong></span> <span class='ocrx_word' id='word_1_46' title='bbox 264 1181 395 1260; x_wconf 89' lang='lat' dir='ltr'><strong>domine,</strong></span> <span class='ocrx_word' id='word_1_47' title='bbox 416 1183 541 1262; x_wconf 87' lang='lat' dir='ltr'>priorum</span> <span class='ocrx_word' id='word_1_48' title='bbox 556 1200 691 1242; x_wconf 90' lang='lat' dir='ltr'><strong>annorum</strong></span> <span class='ocrx_word' id='word_1_49' title='bbox 708 1190 868 1260; x_wconf 86' lang='lat' dir='ltr'><strong>nuncupata</strong></span> <span class='ocrx_word' id='word_1_50' title='bbox 882 1181 993 1242; x_wconf 82' lang='lat' dir='ltr'><strong>alacres</strong></span> <span class='ocrx_word' id='word_1_51' title='bbox 1010 1181 1090 1243; x_wconf 86' lang='lat' dir='ltr'><strong>laeti-</strong></span> 
     </span>
     <span class='ocr_line' id='line_1_11' title="bbox 80 1264 1090 1346; baseline 0.001 -21"><span class='ocrx_word' id='word_1_52' title='bbox 80 1284 136 1345; x_wconf 89' lang='lat' dir='ltr'><strong>que</strong></span> <span class='ocrx_word' id='word_1_53' title='bbox 156 1265 357 1346; x_wconf 80' lang='lat' dir='ltr'><strong>persolvimus</strong></span> <span class='ocrx_word' id='word_1_54' title='bbox 381 1285 514 1346; x_wconf 84' lang='lat' dir='ltr'><strong>novaque</strong></span> <span class='ocrx_word' id='word_1_55' title='bbox 536 1285 635 1327; x_wconf 88' lang='lat' dir='ltr'><strong>rursus</strong></span> <span class='ocrx_word' id='word_1_56' title='bbox 660 1269 788 1326; x_wconf 75' lang='lat' dir='ltr'><strong>cenante</strong></span> <span class='ocrx_word' id='word_1_57' title='bbox 813 1264 1033 1325; x_wconf 89' lang='lat' dir='ltr'><strong>commilitonum</strong></span> <span class='ocrx_word' id='word_1_58' title='bbox 1060 1274 1090 1326; x_wconf 87' lang='lat' dir='ltr'><strong>et</strong></span> 
     </span>
     <span class='ocr_line' id='line_1_12' title="bbox 80 1347 1090 1430; baseline -0.003 -20"><span class='ocrx_word' id='word_1_59' title='bbox 80 1349 299 1429; x_wconf 89' lang='lat' dir='ltr'><strong>provincialium</strong></span> <span class='ocrx_word' id='word_1_60' title='bbox 317 1352 426 1430; x_wconf 90' lang='lat' dir='ltr'><strong>pictate</strong></span> <span class='ocrx_word' id='word_1_61' title='bbox 446 1350 644 1429; x_wconf 78' lang='lat' dir='ltr'><strong>suscepimus,</strong></span> <span class='ocrx_word' id='word_1_62' title='bbox 661 1350 773 1428; x_wconf 91' lang='lat' dir='ltr'><strong>precati</strong></span> <span class='ocrx_word' id='word_1_63' title='bbox 792 1347 864 1409; x_wconf 84' lang='lat' dir='ltr'><strong>deos</strong></span> <span class='ocrx_word' id='word_1_64' title='bbox 884 1357 915 1408; x_wconf 88' lang='lat' dir='ltr'><strong>ut</strong></span> <span class='ocrx_word' id='word_1_65' title='bbox 928 1358 957 1410; x_wconf 90' lang='lat' dir='ltr'><strong>te</strong></span> <span class='ocrx_word' id='word_1_66' title='bbox 971 1366 1090 1426; x_wconf 86' lang='lat' dir='ltr'><strong>remque</strong></span> 
     </span>
     <span class='ocr_line' id='line_1_13' title="bbox 80 1433 1091 1513; baseline -0.002 -19"><span class='ocrx_word' id='word_1_67' title='bbox 80 1434 227 1513; x_wconf 87' lang='lat' dir='ltr'><strong>publicam</strong></span> <span class='ocrx_word' id='word_1_68' title='bbox 255 1435 405 1495; x_wconf 87' lang='lat' dir='ltr'><strong>llorentem</strong></span> <span class='ocrx_word' id='word_1_69' title='bbox 433 1444 463 1496; x_wconf 85' lang='lat' dir='ltr'><strong>et</strong></span> <span class='ocrx_word' id='word_1_70' title='bbox 487 1433 656 1495; x_wconf 84' lang='lat' dir='ltr'><strong>Incolumem</strong></span> <span class='ocrx_word' id='word_1_71' title='bbox 681 1451 716 1494; x_wconf 90' lang='lat' dir='ltr'><strong>ea</strong></span> <span class='ocrx_word' id='word_1_72' title='bbox 741 1433 915 1511; x_wconf 77' lang='lat' dir='ltr'><strong>benignitate</strong></span> <span class='ocrx_word' id='word_1_73' title='bbox 942 1441 1091 1494; x_wconf 86' lang='lat' dir='ltr'><strong>servarent</strong></span> 
     </span>
     <span class='ocr_line' id='line_1_14' title="bbox 84 1517 1089 1597; baseline 0 -20"><span class='ocrx_word' id='word_1_74' title='bbox 84 1536 163 1596; x_wconf 88' lang='lat' dir='ltr'><strong>quam</strong></span> <span class='ocrx_word' id='word_1_75' title='bbox 177 1536 271 1597; x_wconf 89' lang='lat' dir='ltr'><strong>super</strong></span> <span class='ocrx_word' id='word_1_76' title='bbox 284 1536 400 1596; x_wconf 87' lang='lat' dir='ltr'><strong>magnas</strong></span> <span class='ocrx_word' id='word_1_77' title='bbox 414 1517 608 1597; x_wconf 87' lang='lat' dir='ltr'><strong>plurimasque</strong></span> <span class='ocrx_word' id='word_1_78' title='bbox 623 1518 744 1579; x_wconf 91' lang='lat' dir='ltr'><strong>virtutes</strong></span> <span class='ocrx_word' id='word_1_79' title='bbox 758 1518 913 1596; x_wconf 87' lang='lat' dir='ltr'><strong>praecipua</strong></span> <span class='ocrx_word' id='word_1_80' title='bbox 928 1518 1089 1595; x_wconf 76' lang='lat' dir='ltr'><strong>sanctitate,</strong></span> 
     </span>
    </p>

    <p class='ocr_par' dir='ltr' id='par_1_6' title="bbox 48 1602 647 1682">
     <span class='ocr_line' id='line_1_15' title="bbox 48 1602 647 1682; baseline 0.002 -24"><span class='ocrx_word' id='word_1_81' title='bbox 48 1602 237 1682; x_wconf 78' lang='lat' dir='ltr'><strong>ltobsequio,</strong></span> <span class='ocrx_word' id='word_1_82' title='bbox 255 1603 374 1663; x_wconf 85' lang='lat' dir='ltr'><strong>deorum</strong></span> <span class='ocrx_word' id='word_1_83' title='bbox 389 1602 498 1662; x_wconf 90' lang='lat' dir='ltr'><strong>bonore</strong></span> <span class='ocrx_word' id='word_1_84' title='bbox 509 1604 647 1662; x_wconf 88' lang='lat' dir='ltr'><strong>meruisti.</strong></span> 
     </span>
    </p>
   </div>
   <div class='ocr_carea' id='block_1_6' title="bbox 420 1734 754 1885">
    <p class='ocr_par' dir='ltr' id='par_1_7' title="bbox 420 1734 754 1885">
     <span class='ocr_line' id='line_1_16' title="bbox 505 1734 661 1814; baseline -0.013 -18"><span class='ocrx_word' id='word_1_85' title='bbox 505 1734 552 1796; x_wconf 79' lang='grc' dir='ltr'><strong>οι.</strong></span> <span class='ocrx_word' id='word_1_86' title='bbox 576 1735 661 1814; x_wconf 86' lang='lat' dir='ltr'><strong>[cu]</strong></span> 
     </span>
     <span class='ocr_line' id='line_1_17' title="bbox 420 1832 754 1885; baseline -0.006 -1"><span class='ocrx_word' id='word_1_87' title='bbox 420 1835 585 1885; x_wconf 83' lang='lat' dir='ltr'><strong>TRAIANUS</strong></span> <span class='ocrx_word' id='word_1_88' title='bbox 602 1832 707 1883; x_wconf 89' lang='lat' dir='ltr'>PLINIO</span> <span class='ocrx_word' id='word_1_89' title='bbox 727 1832 754 1883; x_wconf 90' lang='lat' dir='ltr'><strong>S.</strong></span> 
     </span>
    </p>
   </div>
   <div class='ocr_carea' id='block_1_7' title="bbox 50 1929 1091 2260">
    <p class='ocr_par' dir='ltr' id='par_1_8' title="bbox 143 1929 1091 2012">
     <span class='ocr_line' id='line_1_18' title="bbox 143 1929 1091 2012; baseline -0.007 -16"><span class='ocrx_word' id='word_1_90' title='bbox 143 1935 278 1998; x_wconf 81' lang='lat' dir='ltr'><strong>Solesse</strong></span> <span class='ocrx_word' id='word_1_91' title='bbox 292 1946 359 1997; x_wconf 92' lang='lat' dir='ltr'><strong>vota</strong></span> <span class='ocrx_word' id='word_1_92' title='bbox 374 1936 426 1997; x_wconf 87' lang='lat' dir='ltr'><strong>diis</strong></span> <span class='ocrx_word' id='word_1_93' title='bbox 441 1933 634 1996; x_wconf 87' lang='lat' dir='ltr'><strong>inmortalibus</strong></span> <span class='ocrx_word' id='word_1_94' title='bbox 648 1942 679 1993; x_wconf 88' lang='lat' dir='ltr'><strong>te</strong></span> <span class='ocrx_word' id='word_1_95' title='bbox 693 1941 850 2012; x_wconf 88' lang='lat' dir='ltr'><strong>praeeunte</strong></span> <span class='ocrx_word' id='word_1_96' title='bbox 864 1947 917 2010; x_wconf 95' lang='lat' dir='ltr'><strong>pro</strong></span> <span class='ocrx_word' id='word_1_97' title='bbox 932 1947 994 1989; x_wconf 86' lang='lat' dir='ltr'><strong>mea</strong></span> <span class='ocrx_word' id='word_1_98' title='bbox 1013 1929 1091 1990; x_wconf 91' lang='lat' dir='ltr'><strong>inco·</strong></span> 
     </span>
    </p>

    <p class='ocr_par' dir='ltr' id='par_1_9' title="bbox 50 2015 1091 2097">
     <span class='ocr_line' id='line_1_19' title="bbox 50 2015 1091 2097; baseline -0.004 -19"><span class='ocrx_word' id='word_1_99' title='bbox 50 2015 209 2080; x_wconf 78' lang='lat' dir='ltr'><strong>tolumitate</strong></span> <span class='ocrx_word' id='word_1_100' title='bbox 226 2020 435 2082; x_wconf 89' lang='lat' dir='ltr'><strong>commilitones</strong></span> <span class='ocrx_word' id='word_1_101' title='bbox 457 2037 520 2080; x_wconf 89' lang='lat' dir='ltr'><strong>curn</strong></span> <span class='ocrx_word' id='word_1_102' title='bbox 536 2016 757 2097; x_wconf 90' lang='lat' dir='ltr'><strong>provincialibus</strong></span> <span class='ocrx_word' id='word_1_103' title='bbox 774 2015 931 2077; x_wconf 81' lang='lat' dir='ltr'><strong>laetissImo</strong></span> <span class='ocrx_word' id='word_1_104' title='bbox 947 2030 1091 2075; x_wconf 87' lang='lat' dir='ltr'><strong>consensu</strong></span> 
     </span>
    </p>

    <p class='ocr_par' dir='ltr' id='par_1_10' title="bbox 88 2099 1090 2260">
     <span class='ocr_line' id='line_1_20' title="bbox 89 2099 1090 2183; baseline -0.002 -25"><span class='ocrx_word' id='word_1_105' title='bbox 89 2108 116 2159; x_wconf 89' lang='lat' dir='ltr'><strong>et</strong></span> <span class='ocrx_word' id='word_1_106' title='bbox 129 2103 157 2162; x_wconf 94' lang='lat' dir='ltr'><strong>in</strong></span> <span class='ocrx_word' id='word_1_107' title='bbox 172 2104 299 2165; x_wconf 82' lang='lat' dir='ltr'><strong>futurum</strong></span> <span class='ocrx_word' id='word_1_108' title='bbox 312 2121 494 2183; x_wconf 86' lang='lat' dir='ltr'><strong>nuncupasse</strong></span> <span class='ocrx_word' id='word_1_109' title='bbox 511 2101 650 2179; x_wconf 87' lang='lat' dir='ltr'><strong>libenter,</strong></span> <span class='ocrx_word' id='word_1_110' title='bbox 667 2103 705 2160; x_wconf 91' lang='lat' dir='ltr'><strong>mi</strong></span> <span class='ocrx_word' id='word_1_111' title='bbox 718 2099 851 2160; x_wconf 88' lang='lat' dir='ltr'><strong>Secunde</strong></span> <span class='ocrx_word' id='word_1_112' title='bbox 867 2099 1023 2176; x_wconf 86' lang='lat' dir='ltr'><strong>carissime,</strong></span> <span class='ocrx_word' id='word_1_113' title='bbox 1042 2113 1090 2158; x_wconf 91' lang='lat' dir='ltr'><strong>co·</strong></span> 
     </span>
     <span class='ocr_line' id='line_1_21' title="bbox 88 2187 370 2260; baseline 0.004 -14"><span class='ocrx_word' id='word_1_114' title='bbox 88 2190 170 2260; x_wconf 76' lang='lat' dir='ltr'><strong>gnovi</strong></span> <span class='ocrx_word' id='word_1_115' title='bbox 184 2187 290 2250; x_wconf 89' lang='lat' dir='ltr'><strong>litteris</strong></span> <span class='ocrx_word' id='word_1_116' title='bbox 304 2190 370 2249; x_wconf 91' lang='lat' dir='ltr'><strong>tuis.</strong></span> 
     </span>
    </p>
   </div>
   <div class='ocr_carea' id='block_1_8' title="bbox 308 2315 868 2476">
    <p class='ocr_par' dir='ltr' id='par_1_11' title="bbox 308 2315 868 2476">
     <span class='ocr_line' id='line_1_22' title="bbox 498 2315 684 2396; baseline -0.011 -17"><span class='ocrx_word' id='word_1_117' title='bbox 498 2316 558 2379; x_wconf 91' lang='lat' dir='ltr'><strong>cu.</strong></span> <span class='ocrx_word' id='word_1_118' title='bbox 585 2315 684 2396; x_wconf 72' lang='lat' dir='ltr'><strong>[cun]</strong></span> 
     </span>
     <span class='ocr_line' id='line_1_23' title="bbox 308 2413 868 2476; baseline -0.014 -7"><span class='ocrx_word' id='word_1_119' title='bbox 308 2419 335 2469; x_wconf 85' lang='lat' dir='ltr'><strong>U.</strong></span> <span class='ocrx_word' id='word_1_120' title='bbox 355 2417 482 2469; x_wconf 86' lang='lat' dir='ltr'>PLINIUS</span> <span class='ocrx_word' id='word_1_121' title='bbox 499 2415 644 2467; x_wconf 85' lang='lat' dir='ltr'>TRAIANO</span> <span class='ocrx_word' id='word_1_122' title='bbox 660 2413 868 2476; x_wconf 83' lang='lat' dir='ltr'>IMPERATORI.</span> 
     </span>
    </p>
   </div>
   <div class='ocr_carea' id='block_1_9' title="bbox 56 2513 1090 2680">
    <p class='ocr_par' dir='ltr' id='par_1_12' title="bbox 56 2513 1090 2680">
     <span class='ocr_line' id='line_1_24' title="bbox 56 2513 1090 2602; baseline -0.006 -22"><span class='ocrx_word' id='word_1_123' title='bbox 56 2526 84 2580; x_wconf 68' lang='lat'><strong>25</strong></span> <span class='ocrx_word' id='word_1_124' title='bbox 148 2519 234 2582; x_wconf 84' lang='lat' dir='ltr'><strong>DIem</strong></span> <span class='ocrx_word' id='word_1_125' title='bbox 249 2541 306 2602; x_wconf 81' lang='lat' dir='ltr'><strong>quo</strong></span> <span class='ocrx_word' id='word_1_126' title='bbox 326 2523 399 2582; x_wconf 88' lang='lat' dir='ltr'><strong>inte</strong></span> <span class='ocrx_word' id='word_1_127' title='bbox 419 2518 509 2581; x_wconf 88' lang='lat' dir='ltr'><strong>tutela</strong></span> <span class='ocrx_word' id='word_1_128' title='bbox 529 2519 645 2596; x_wconf 82' lang='lat' dir='ltr'><strong>generis</strong></span> <span class='ocrx_word' id='word_1_129' title='bbox 662 2515 774 2575; x_wconf 90' lang='lat' dir='ltr'><strong>bumani</strong></span> <span class='ocrx_word' id='word_1_130' title='bbox 793 2513 958 2576; x_wconf 78' lang='lat' dir='ltr'><strong>felicissima</strong></span> <span class='ocrx_word' id='word_1_131' title='bbox 972 2531 1090 2574; x_wconf 89' lang='lat' dir='ltr'><strong>succes·</strong></span> 
     </span>
     <span class='ocr_line' id='line_1_25' title="bbox 91 2595 1090 2680; baseline -0.002 -22"><span class='ocrx_word' id='word_1_132' title='bbox 91 2601 167 2665; x_wconf 88' lang='lat' dir='ltr'><strong>sione</strong></span> <span class='ocrx_word' id='word_1_133' title='bbox 182 2607 316 2667; x_wconf 89' lang='lat' dir='ltr'><strong>translata</strong></span> <span class='ocrx_word' id='word_1_134' title='bbox 331 2614 377 2666; x_wconf 91' lang='lat' dir='ltr'><strong>est</strong></span> <span class='ocrx_word' id='word_1_135' title='bbox 392 2604 487 2665; x_wconf 88' lang='lat' dir='ltr'><strong>debita</strong></span> <span class='ocrx_word' id='word_1_136' title='bbox 502 2602 642 2680; x_wconf 85' lang='lat' dir='ltr'><strong>religione</strong></span> <span class='ocrx_word' id='word_1_137' title='bbox 658 2599 876 2676; x_wconf 87' lang='lat' dir='ltr'><strong>celebravimus,</strong></span> <span class='ocrx_word' id='word_1_138' title='bbox 894 2595 1090 2660; x_wconf 86' lang='lat' dir='ltr'><strong>commendau-</strong></span> 
     </span>
    </p>
   </div>
   <div class='ocr_carea' id='block_1_10' title="bbox 91 2681 978 2771">
    <p class='ocr_par' dir='ltr' id='par_1_13' title="bbox 91 2681 978 2771">
     <span class='ocr_line' id='line_1_26' title="bbox 91 2681 978 2771; baseline 0.001 -31"><span class='ocrx_word' id='word_1_139' title='bbox 91 2691 133 2746; x_wconf 89' lang='lat' dir='ltr'><strong>tes</strong></span> <span class='ocrx_word' id='word_1_140' title='bbox 146 2687 199 2750; x_wconf 85' lang='lat' dir='ltr'><strong>diis</strong></span> <span class='ocrx_word' id='word_1_141' title='bbox 213 2691 326 2771; x_wconf 90' lang='lat' dir='ltr'><strong>imperii</strong></span> <span class='ocrx_word' id='word_1_142' title='bbox 342 2691 382 2749; x_wconf 86' lang='lat' dir='ltr'><strong>tui</strong></span> <span class='ocrx_word' id='word_1_143' title='bbox 397 2688 559 2750; x_wconf 87' lang='lat' dir='ltr'><strong>auctoribus</strong></span> <span class='ocrx_word' id='word_1_144' title='bbox 574 2695 603 2747; x_wconf 91' lang='lat' dir='ltr'><strong>ct</strong></span> <span class='ocrx_word' id='word_1_145' title='bbox 616 2693 683 2744; x_wconf 90' lang='lat' dir='ltr'><strong>vota</strong></span> <span class='ocrx_word' id='word_1_146' title='bbox 697 2681 812 2763; x_wconf 87' lang='lat' dir='ltr'><strong>publica</strong></span> <span class='ocrx_word' id='word_1_147' title='bbox 827 2691 857 2743; x_wconf 87' lang='lat' dir='ltr'><strong>et</strong></span> <span class='ocrx_word' id='word_1_148' title='bbox 868 2681 978 2760; x_wconf 88' lang='lat' dir='ltr'><strong>gaudia.</strong></span> 
     </span>
    </p>
   </div>
   <div class='ocr_carea' id='block_1_11' title="bbox 421 2819 757 2973">
    <p class='ocr_par' dir='ltr' id='par_1_14' title="bbox 421 2819 757 2973">
     <span class='ocr_line' id='line_1_27' title="bbox 489 2819 701 2899; baseline -0.014 -17"><span class='ocrx_word' id='word_1_149' title='bbox 489 2819 565 2882; x_wconf 88' lang='lat' dir='ltr'><strong>cur.</strong></span> <span class='ocrx_word' id='word_1_150' title='bbox 588 2819 701 2899; x_wconf 80' lang='lat' dir='ltr'><strong>[cum]</strong></span> 
     </span>
     <span class='ocr_line' id='line_1_28' title="bbox 421 2917 757 2973; baseline 0.003 -2"><span class='ocrx_word' id='word_1_151' title='bbox 421 2919 587 2973; x_wconf 78' lang='lat' dir='ltr'>TRAIANUS</span> <span class='ocrx_word' id='word_1_152' title='bbox 605 2917 711 2970; x_wconf 88' lang='lat' dir='ltr'>PLINIO</span> <span class='ocrx_word' id='word_1_153' title='bbox 731 2917 757 2972; x_wconf 90' lang='lat' dir='ltr'><strong>S.</strong></span> 
     </span>
    </p>
   </div>
   <div class='ocr_carea' id='block_1_12' title="bbox 57 3017 1092 3253">
    <p class='ocr_par' dir='ltr' id='par_1_15' title="bbox 57 3017 1092 3253">
     <span class='ocr_line' id='line_1_29' title="bbox 57 3017 1092 3105; baseline -0.005 -25"><span class='ocrx_word' id='word_1_154' title='bbox 57 3021 87 3076; x_wconf 76' lang='lat'><strong>30</strong></span> <span class='ocrx_word' id='word_1_155' title='bbox 149 3019 231 3084; x_wconf 86' lang='lat' dir='ltr'><strong>Diem</strong></span> <span class='ocrx_word' id='word_1_156' title='bbox 252 3025 363 3105; x_wconf 91' lang='lat' dir='ltr'><strong>imperii</strong></span> <span class='ocrx_word' id='word_1_157' title='bbox 377 3025 433 3084; x_wconf 87' lang='lat' dir='ltr'><strong>mei</strong></span> <span class='ocrx_word' id='word_1_158' title='bbox 452 3023 548 3083; x_wconf 86' lang='lat' dir='ltr'><strong>debita</strong></span> <span class='ocrx_word' id='word_1_159' title='bbox 565 3022 670 3084; x_wconf 86' lang='lat' dir='ltr'><strong>laetitia</strong></span> <span class='ocrx_word' id='word_1_160' title='bbox 691 3033 721 3084; x_wconf 90' lang='lat' dir='ltr'><strong>et</strong></span> <span class='ocrx_word' id='word_1_161' title='bbox 740 3022 880 3099; x_wconf 79' lang='lat' dir='ltr'><strong>religione</strong></span> <span class='ocrx_word' id='word_1_162' title='bbox 897 3017 1092 3081; x_wconf 86' lang='lat' dir='ltr'><strong>commilitoni·</strong></span> 
     </span>
     <span class='ocr_line' id='line_1_30' title="bbox 93 3096 1092 3253; baseline -0.008 -85"><span class='ocrx_word' id='word_1_163' title='bbox 93 3096 189 3250; x_wconf 41' lang='grc' dir='ltr'><strong>ἓξὲξ</strong></span> <span class='ocrx_word' id='word_1_164' title='bbox 199 3107 423 3253; x_wconf 59' lang='lat' dir='ltr'><strong>pppsvincialibus</strong></span> <span class='ocrx_word' id='word_1_165' title='bbox 435 3115 590 3188; x_wconf 89' lang='lat' dir='ltr'><strong>praeeunte</strong></span> <span class='ocrx_word' id='word_1_166' title='bbox 602 3115 632 3166; x_wconf 90' lang='lat' dir='ltr'><strong>te</strong></span> <span class='ocrx_word' id='word_1_167' title='bbox 645 3105 821 3167; x_wconf 88' lang='lat' dir='ltr'><strong>celebratum</strong></span> <span class='ocrx_word' id='word_1_168' title='bbox 831 3105 956 3166; x_wconf 90' lang='lat' dir='ltr'><strong>libenter</strong></span> <span class='ocrx_word' id='word_1_169' title='bbox 967 3100 1092 3178; x_wconf 77' lang='lat' dir='ltr'><strong>cognovi</strong></span> 
     </span>
    </p>
   </div>
   <div class='ocr_carea' id='block_1_13' title="bbox 310 3286 863 3446">
    <p class='ocr_par' dir='ltr' id='par_1_16' title="bbox 310 3286 863 3446">
     <span class='ocr_line' id='line_1_31' title="bbox 491 3286 687 3369; baseline -0.015 -17"><span class='ocrx_word' id='word_1_170' title='bbox 491 3288 579 3352; x_wconf 90' lang='lat' dir='ltr'><strong>ouu.</strong></span> <span class='ocrx_word' id='word_1_171' title='bbox 603 3286 687 3369; x_wconf 80' lang='lat' dir='ltr'><strong>[cu]</strong></span> 
     </span>
     <span class='ocr_line' id='line_1_32' title="bbox 310 3386 863 3446; baseline -0.011 -4"><span class='ocrx_word' id='word_1_172' title='bbox 310 3390 338 3446; x_wconf 83' lang='lat' dir='ltr'><strong>U.</strong></span> <span class='ocrx_word' id='word_1_173' title='bbox 355 3391 480 3444; x_wconf 85' lang='lat' dir='ltr'>PLINIUS</span> <span class='ocrx_word' id='word_1_174' title='bbox 496 3389 639 3442; x_wconf 84' lang='lat' dir='ltr'>TRAIANO</span> <span class='ocrx_word' id='word_1_175' title='bbox 656 3386 863 3441; x_wconf 79' lang='lat' dir='ltr'>IMPERATORI.</span> 
     </span>
    </p>
   </div>
   <div class='ocr_carea' id='block_1_14' title="bbox 62 3481 1093 3572">
    <p class='ocr_par' dir='ltr' id='par_1_17' title="bbox 62 3481 1093 3572">
     <span class='ocr_line' id='line_1_33' title="bbox 62 3481 1093 3572; baseline -0.002 -26"><span class='ocrx_word' id='word_1_176' title='bbox 62 3481 91 3537; x_wconf 78' lang='lat'><strong>³5</strong></span> <span class='ocrx_word' id='word_1_177' title='bbox 151 3486 291 3572; x_wconf 82' lang='lat' dir='ltr'><strong>Valerius,</strong></span> <span class='ocrx_word' id='word_1_178' title='bbox 307 3491 439 3572; x_wconf 81' lang='lat' dir='ltr'><strong>domme,</strong></span> <span class='ocrx_word' id='word_1_179' title='bbox 454 3491 587 3553; x_wconf 89' lang='lat' dir='ltr'><strong>Pauliuus</strong></span> <span class='ocrx_word' id='word_1_180' title='bbox 602 3499 728 3569; x_wconf 83' lang='lat' dir='ltr'><strong>excepto</strong></span> <span class='ocrx_word' id='word_1_181' title='bbox 742 3485 859 3550; x_wconf 89' lang='lat' dir='ltr'><strong>Paulino</strong></span> <span class='ocrx_word' id='word_1_182' title='bbox 873 3487 917 3549; x_wconf 91' lang='lat' dir='ltr'><strong>ius</strong></span> <span class='ocrx_word' id='word_1_183' title='bbox 932 3485 1093 3548; x_wconf 89' lang='lat' dir='ltr'><strong>Latinorum</strong></span> 
     </span>
    </p>
   </div>
   <div class='ocr_carea' id='block_1_15' title="bbox 0 0 1314 4104">
    <p class='ocr_par' dir='ltr' id='par_1_18' title="bbox 0 0 1314 4104">
     <span class='ocr_line' id='line_1_34' title="bbox 0 0 1314 4104; baseline 0 0"><span class='ocrx_word' id='word_1_184' title='bbox 0 0 1314 4104; x_wconf 95' lang='lat' dir='ltr'><strong> </strong></span> 
     </span>
    </p>
   </div>
  </div>
 </body>
</html>
