2632 4102
496 293 732 345 PRAEFATIO.
1123 313 1151 350 tx

75 449 241 506 vetustissimo
253 449 338 505 codice
347 447 489 504 Gemrauico
500 448 581 518 pluras
591 447 621 504 ad
631 448 758 505 Traianum
768 450 882 520 epistulas
892 458 917 505 et
929 452 1026 524 insuper
1036 455 1151 527 quadam

76 533 187 589 eiusdem
198 532 269 589 Plinii
279 533 310 590 ad
320 533 411 588 audcos
422 533 549 602 epistulas,
560 547 621 604 qnae
631 533 662 588 dc
673 540 761 588 octavo
776 533 837 589 libro
854 536 1012 601 excidissent,
1035 539 1150 596 allomi·

77 619 134 673 uico
145 617 284 674 Mamiliano
294 617 387 674 Rornae
402 632 430 672 se
440 617 562 687 accepisse
576 617 674 680 scribit.
695 633 725 672 ea
738 616 848 674 dubitare
869 621 953 690 nequit
973 621 1030 692 qun
1044 623 1075 678 dc
1096 625 1150 694 ipso

76 702 130 758 Aldi
141 702 229 758 codice
244 701 406 774 intellegenda
420 701 476 756 sint.
507 701 550 756 sed
568 717 625 756 cvm
636 701 711 756 didm
726 717 770 771 pro
780 717 824 758 sua
835 703 1034 760 ratiouclucvndi
1047 721 1149 780 apogra-

76 787 154 856 phum
171 786 298 859 ingeniose
320 801 334 840 a
355 785 407 841 viro
427 786 567 841 acutissimo
583 785 627 842 sed
644 786 730 840 eodem
745 787 872 842 temerario
888 788 1059 858 interpolatum
1076 805 1150 862 quam

76 871 157 941 ipsum
170 871 281 926 codicem
296 870 365 942 sequi
386 870 511 934 maluerit,
523 869 594 926 facile
609 869 835 942 intellegiturquam
846 871 965 927 incertum
975 887 1047 929 omne
1061 875 1092 929 dc
1101 874 1149 930 boc

77 955 163 1011 codice
174 953 287 1010 reddatur
297 953 420 1010 iudicium.
432 953 529 1010 luerunt
539 954 612 1010 etiam
622 954 726 1026 quicum
736 953 866 1010 ablediceo
876 971 925 1011 uon
935 955 1032 1013 differre
1042 959 1151 1029 suspica-

77 1045 170 1094 rentur.
181 1038 547 1109 aquomuiudicioutreredaur
555 1053 611 1094 oum
619 1037 781 1093 memorabilis
791 1040 907 1110 quaedam
917 1042 1049 1112 scripturae
1058 1042 1144 1099 disere

75 1124 158 1194 pautia
175 1128 321 1186 memoret,
343 1124 448 1178 maxime
459 1123 484 1177 iu
495 1123 524 1178 iis
534 1121 643 1192 epistulis
653 1137 714 1194 quae
724 1129 779 1178 ante
790 1124 877 1180 lidum
890 1124 967 1180 editae
981 1141 1031 1181 uon
1042 1127 1146 1190 luerunt.

75 1221 223 1279 quamquam
233 1205 330 1262 difficile
343 1213 381 1262 est
391 1207 457 1262 dictu
468 1213 583 1278 quantum
592 1207 619 1262 iu
628 1206 677 1261 boc
686 1221 777 1278 genere
786 1206 887 1263 lucuudi
898 1209 996 1280 iugenio
1007 1211 1080 1266 tribui
1089 1226 1148 1282 pos·

75 1292 114 1354 sit.
127 1298 182 1346 tum
195 1289 408 1346 emereamur
424 1290 603 1347 testimouium:
624 1305 727 1362 quonum
743 1296 844 1362 utemue
861 1293 1017 1362 epistularum
1027 1295 1057 1351 ad
1065 1295 1147 1349 Traia-

75 1390 135 1432 num
149 1373 252 1439 librum,
268 1375 300 1431 de
312 1391 361 1446 quo
371 1382 455 1446 postea
464 1375 558 1439 dicam,
576 1375 654 1430 luillo
665 1375 749 1430 codice
758 1375 833 1430 luisse
843 1376 939 1440 dicuut3
961 1377 1095 1434 Calabaeus
1104 1393 1148 1432 au·

76 1466 127 1514 tem
138 1458 288 1528 apoutidcio
298 1474 357 1524 suo,
372 1475 443 1532 quem
455 1459 507 1530 ipse
520 1459 624 1521 viderat,
635 1458 803 1515 Germanicum
814 1475 886 1532 quem
897 1461 956 1517 dicit
966 1460 1086 1518 disceruit.

140 1541 243 1599 Uberius
256 1557 327 1614 quam
338 1559 382 1613 pro
399 1545 491 1599 ratione
507 1543 578 1600 huius
589 1543 711 1608 editionis,
727 1543 751 1599 iu
765 1559 811 1615 qva
821 1552 962 1617 argumenta
972 1559 1054 1601 earum
1066 1559 1146 1601 rerum

76 1643 138 1699 quas
147 1626 199 1682 dixi
211 1628 343 1682 omittenda
354 1634 435 1695 oram,
450 1628 502 1684 lieri
512 1627 639 1699 oportebat
650 1643 679 1683 eo
691 1628 842 1698 potissimum
853 1629 954 1685 oonsilio
965 1629 1026 1684 baec
1036 1629 1145 1700 exposui,

76 1719 121 1777 ut,
148 1711 207 1766 dum
224 1712 293 1766 iustis
310 1712 488 1768 commentariis
500 1712 617 1767 instructa
629 1711 703 1768 editio
717 1720 854 1783 pararetur,
875 1713 952 1782 copiis
967 1713 996 1768 ab
1013 1713 1146 1769 editoribus

77 1794 174 1850 collatis
184 1802 251 1850 recte
263 1811 327 1850 unns
343 1797 443 1867 quisque
453 1797 490 1851 uti
500 1803 590 1867 posset.
610 1803 685 1850 restat
695 1803 723 1851 ut
737 1811 784 1866 qua
795 1795 887 1851 ratione
897 1797 949 1866 ipse
959 1797 984 1852 iu
998 1797 1145 1852 recensendo

77 1895 137 1934 usus
150 1879 198 1933 sim
212 1879 352 1948 explicetur.
381 1881 461 1950 itaquo
471 1895 528 1936 cum
541 1879 706 1950 compluribus
721 1880 845 1936 codicibus
855 1880 957 1935 etribus
967 1881 1146 1951 exemplaribus

76 1963 158 2018 ductis
169 1969 195 2018 et
204 1963 328 2033 paullatim
341 1964 366 2018 iu
377 1964 471 2019 ltaliam
480 1965 566 2021 adlatis
576 1964 647 2018 Plinii
657 1964 798 2019 memoriam
809 1964 839 2020 ad
849 1971 956 2020 cosmam
967 1971 1071 2020 aetatem
1086 1979 1143 2036 pro·

77 2055 194 2120 pagatanr
213 2061 266 2102 csse
277 2048 503 2113 demonstraverim,
522 2048 634 2120 equibus
645 2047 768 2104 codicibus
781 2055 831 2103 tres
841 2055 945 2104 aetatem
956 2048 1077 2114 trrlcrurrt,
1092 2048 1144 2104 ble-

77 2133 176 2186 (liceum
185 2131 249 2195 dico,
260 2131 409 2196 Vaticanum,
423 2131 595 2197 limentinum,
606 2131 756 2188 Riocardiaui
768 2139 849 2186 autem
855 2139 970 2203 excerpta
980 2139 1071 2196 extant,
1086 2131 1142 2187 reli·
1189 2167 1192 2173 ,

77 2229 182 2287 qnorum
194 2230 226 2269 ex
235 2215 372 2270 recentibus
383 2215 450 2271 libris
460 2217 498 2271 vel
509 2232 582 2272 mauu
591 2215 687 2286 scriptis
700 2216 738 2270 vel
749 2217 870 2285 impressis
879 2217 984 2287 peteuda
994 2223 1032 2272 est
1041 2216 1133 2272 notitia

78 2300 157 2354 lac'dia
168 2300 250 2354 lutura
260 2307 325 2354 esset
335 2301 458 2364 recensio,
472 2301 494 2355 si
504 2301 542 2356 vel
554 2301 655 2356 notabili
666 2300 817 2356 librariorum
827 2306 922 2356 tantum
932 2301 1089 2372 neglegentia
1100 2315 1143 2354 au·

77 2385 145 2455 tiqm
164 2383 310 2452 exemplaria
328 2384 450 2450 distarem
468 2385 507 2440 vel
522 2385 637 2440 italorum
653 2384 879 2455 inmutationem
895 2383 1097 2456 atqucerroribus
1113 2383 1145 2438 ab

78 2467 183 2538 antiquis
197 2466 322 2522 codicibus
332 2475 441 2523 recentes
457 2469 605 2524 recederent
639 2469 682 2524 sed
699 2483 727 2523 ea
738 2474 775 2522 est
785 2469 859 2523 etiam
870 2469 932 2522 iuter
946 2468 1058 2538 antiquos
1067 2466 1143 2522 libros

78 2552 213 2621 scripturae
226 2550 384 2622 discrepantia
397 2559 426 2606 ut
438 2557 494 2607 aute
505 2553 626 2607 decimum
635 2552 759 2607 sacomam
774 2553 824 2620 (ex
838 2551 884 2605 bac
893 2556 972 2605 aetate
982 2549 1046 2604 emm
1060 2550 1143 2622 stirpis

79 2635 243 2690 diversitatem
253 2634 430 2705 derivavimus)
441 2636 562 2708 insignem
577 2635 735 2691 mutationem
752 2651 802 2690 uon
812 2649 843 2690 ex
854 2634 979 2690 oscitantia
989 2633 1142 2690 librariorum

79 2720 121 2774 sed
131 2734 164 2773 ex
174 2719 389 2790 grammaticorum
400 2720 498 2776 arbitrio
516 2719 650 2790 profectam
659 2718 730 2775 Plinii
745 2718 890 2790 exemplaria
905 2719 1009 2774 subiisse
1020 2726 1140 2790 appareat.

80 2817 158 2874 neque
176 2803 210 2857 ita
227 2809 365 2873 comparata
379 2809 417 2858 est
433 2803 549 2859 libromm
560 2804 666 2860 conditio
675 2810 704 2858 ut
713 2803 812 2875 reliquis
823 2803 945 2874 neglectis
955 2817 1032 2858 unum
1041 2817 1141 2858 secunm

79 2887 147 2958 aequi
169 2887 266 2956 possis;
287 2888 330 2942 sed
352 2902 408 2942 cunr
421 2903 464 2958 por
475 2888 555 2944 omnia
564 2903 626 2960 pne
635 2894 764 2958 supersunt
775 2887 1015 2959 exemplariavagata
1029 2887 1062 2942 sit
1070 2887 1144 2940 iuter·

80 2971 178 3040 palatio,
190 2970 241 3025 fleri
250 2972 333 3042 ueprit
342 2972 399 3042 quin
410 2971 499 3027 iudicio
510 2972 615 3028 adhibito
622 2972 695 3027 modo
706 2972 771 3026 bunc
780 2971 926 3027 medullium
934 2971 1021 3026 ducam
1026 2970 1134 3042 sequaris

80 3069 234 3125 sacpeaqua
245 3061 313 3125 parte
323 3055 435 3111 standum
445 3057 477 3111 sit
488 3056 593 3112 incertus
603 3055 709 3111 haereas.
737 3069 809 3128 quare
829 3069 974 3126 quamquam
991 3055 1084 3110 uallum
1106 3058 1144 3107 est

82 3139 264 3196 laudamentum
273 3139 406 3209 scripturae
415 3140 473 3194 satis
485 3139 581 3195 firmum
591 3147 617 3194 et
627 3139 657 3195 ab
668 3139 735 3194 omni
744 3140 878 3210 suspitione
885 3146 979 3205 tutum,
999 3145 1080 3192 tamen
1091 3135 1142 3191 lde·

81 3223 255 3291 diceuscodex,
268 3229 401 3279 utnumcro
406 3223 523 3280 librorum
533 3224 837 3296 reliquosomuessuperat,
848 3223 882 3279 ita
893 3223 1024 3292 scripturae
1033 3219 1143 3276 bonitate

81 3307 185 3376 primunr
198 3305 245 3362 sibi
255 3306 345 3362 adserit
354 3307 444 3364 locum.
464 3308 511 3364 nisi
521 3308 586 3380 qnod
596 3309 621 3362 iu
633 3307 700 3362 libris
709 3314 823 3379 quattuor
832 3307 916 3378 primis
927 3321 969 3375 par
978 3303 1035 3359 buic
1045 3303 1142 3374 origiue

81 3390 122 3446 aed
132 3391 269 3446 accmatim
278 3391 383 3461 scriptus
392 3391 521 3447 Vaticanus
534 3391 612 3447 codex
624 3392 715 3448 maiore
726 3392 798 3448 etiam
809 3391 880 3446 laude
890 3389 979 3460 diguus
988 3393 1034 3442 est
1054 3385 1142 3458 quibus

82 3474 205 3530 codicibus
215 3474 257 3546 qui
268 3476 292 3530 in
303 3475 384 3544 priore
394 3481 462 3546 parte
471 3475 628 3546 epistularum
639 3475 770 3541 accedunt,
783 3473 923 3545 antiquitate
933 3472 984 3526 iere
993 3485 1070 3541 paras,
1085 3469 1141 3524 liic

84 3559 206 3614 mndianm
217 3565 243 3614 et
252 3558 411 3625 llorentiuus,
422 3559 447 3625 ii,
460 3561 568 3632 quamvis
583 3559 725 3614 auctoritate
742 3558 867 3615 interiores
877 3557 926 3612 siut
937 3555 1000 3622 (nou
1013 3556 1143 3611 satisrecto
