2614 4104
247 361 310 428 262
682 356 715 419 0.
737 354 835 420 l’ldlil

247 525 368 595 qnantum
380 513 572 591 benignitatis,
588 512 682 590 quanti
698 511 814 590 spiritus
829 509 915 571 luerit
930 527 1043 590 sparsas
1059 519 1163 590 atque,
1176 521 1207 572 ut
1221 513 1258 572 ita

248 597 355 675 dcam,
376 596 486 658 laceras
505 593 682 674 gentilitates
702 593 842 672 colligere
856 603 942 672 atque
957 602 1116 657 conectere
1133 605 1166 655 et
1180 597 1257 674 quusi

248 682 361 744 renasci
382 681 497 748 iubere:
522 679 637 740 deferre
658 677 736 756 qnod
755 677 930 755 negabatur,
956 686 1040 757 atque
1063 677 1092 738 id
1107 688 1256 757 praestare

250 766 361 827 cunctis
375 763 452 842 qnod
466 781 556 842 saepe
571 761 676 840 singuli
696 778 753 821 uon
772 764 977 840 inpetrassent:
997 770 1152 839 postremo
1168 763 1257 841 ipsun

249 849 302 911 sibi
318 849 432 927 eripere
446 855 488 906 tot
502 847 706 907 beneficiorum
721 845 907 920 ostensiones,
923 854 979 906 mm
991 862 1179 905 numerosam
1190 845 1275 906 oblit

248 931 332 1011 gandi
347 929 548 1009 inputandique
564 931 717 990 materiem.
739 927 887 1006 Indignum
902 927 989 989 credo
1005 929 1033 988 ei
1048 928 1146 990 visum
1163 929 1257 989 abbo

248 1017 325 1076 mine
340 1016 400 1093 peti
415 1013 491 1092 qnod
505 1012 544 1073 dii
559 1013 715 1074 dedissent.
738 1013 827 1072 Soror
840 1013 911 1072 estis
921 1020 950 1072 et
961 1012 1066 1089 irater,
1082 1029 1158 1074 avus
1170 1022 1202 1074 et
1213 1032 1258 1073 ne·

248 1108 350 1180 potes:
366 1096 433 1176 quid
448 1107 493 1158 est
508 1114 579 1175 ergo
595 1115 646 1158 cur
661 1098 771 1174 rogetis
785 1104 816 1156 ut
831 1091 914 1156 sitis?
940 1095 1025 1157 vobis
1041 1097 1126 1158 ustis.
1164 1093 1257 1170 Quid?

250 1200 303 1264 pro
323 1191 420 1244 cetera
441 1199 492 1242 suu
509 1179 702 1242 moderatione
722 1197 779 1240 non
796 1181 887 1240 minus
906 1178 1075 1240 invidiosum
1089 1187 1175 1258 putat
1192 1179 1255 1240 dare

249 1266 435 1328 hereditatem
449 1283 532 1344 mum
544 1264 669 1326 auferre.
688 1263 766 1324 baeti
782 1279 853 1341 ergo
867 1262 942 1323 adite
952 1261 1090 1339 bonomo,
1110 1263 1291 1342 capessitett

252 1351 408 1412 civitatem:
423 1351 564 1410 neminem
577 1348 633 1408 boc
643 1346 862 1409 necessitudinis
873 1347 1023 1424 abruptum
1033 1345 1116 1407 velut
1128 1357 1258 1408 truncum

250 1443 476 1512 oroputsturuque
491 1431 642 1494 destituet:
668 1430 758 1493 isdem
773 1448 872 1492 omnes
886 1430 989 1509 quibus
999 1438 1066 1492 ante
1077 1431 1256 1509 pignoribus,

250 1516 304 1578 sed
322 1515 504 1576 honestiores
525 1513 715 1592 perfruentur.
750 1515 793 1575 Ac
815 1533 852 1574 ue
872 1522 1000 1574 remotus
1015 1512 1133 1593 qrridenr
1148 1517 1256 1594 iamque

251 1598 409 1661 deficientis
433 1597 583 1659 adlinitutis
604 1599 726 1676 gradus,
750 1597 906 1677 aqualibet
921 1600 1076 1676 qrmntitute
1090 1599 1256 1660 vicesimum

251 1684 359 1746 inferre
379 1692 509 1760 cogetur.
541 1683 643 1744 Statuit
658 1683 732 1742 enim
753 1683 907 1742 communis
921 1683 1043 1742 omnium
1058 1699 1168 1760 parens
1184 1683 1289 1744 sunu-lt

201 1763 325 1829 40mum
342 1785 415 1846 quae
435 1765 615 1844 publicanum
633 1768 693 1845 pati
713 1767 814 1846 possit.
852 1763 968 1826 carebit
988 1782 1077 1825 onere
1098 1766 1253 1826 vicesimae

251 1870 339 1931 parvo
355 1859 385 1912 et
399 1850 482 1911 exilis
496 1849 657 1927 beneditus,
671 1858 701 1910 et
714 1851 739 1910 si
753 1852 791 1910 ita
809 1857 908 1927 gratum
922 1848 1009 1910 lucres
1023 1847 1122 1928 volet,
1138 1858 1198 1910 tots
1211 1866 1254 1908 se·
1295 1903 1296 1928 ,

251 1934 371 2014 pulcro,
385 1942 445 1994 tota
458 1933 550 2000 funeri
561 1935 678 1996 serviet.
701 1931 792 1994 Nemo
807 1933 989 2010 observator,
1004 1949 1090 1992 nemo
1102 1935 1254 2010 castigator

252 2017 381 2078 adsistet.
402 2014 579 2096 cuicumque
593 2017 704 2078 modica
718 2019 839 2096 pecnnia
854 2034 891 2078 ex
902 2016 1060 2078 hereditate
1070 2015 1195 2077 alicuius
1207 2016 1253 2075 ob·

252 2101 380 2176 venerit,
401 2115 521 2162 securus
536 2100 638 2162 babeat
657 2103 829 2180 quietusque
843 2100 998 2180 possideat.
1028 2099 1072 2160 Ea
1086 2098 1138 2159 lex
1151 2101 1287 2160 viceni-tu

252 2201 314 2244 mue
333 2182 408 2244 dicta
427 2191 471 2244 est
492 2192 523 2244 ut
540 2183 576 2244 ad
599 2183 757 2263 periculum
773 2187 834 2245 eius
851 2185 994 2263 perveniri
1010 2184 1064 2244 nisi
1079 2183 1187 2261 opibus
1202 2200 1253 2243 non

251 2269 355 2348 possit.
377 2265 525 2328 Conversa
539 2277 584 2329 est
598 2270 730 2347 iniqnitas
745 2271 773 2328 in
789 2267 1024 2345 gratulationem,
1046 2269 1149 2328 iniuria
1162 2269 1192 2326 in
1205 2284 1253 2326 vo·

252 2362 326 2414 tom:
352 2360 430 2432 optat
446 2350 533 2412 lueres
559 2361 590 2413 ut
610 2353 773 2413 vicesimam
790 2351 901 2412 debeat.
940 2349 1074 2412 Additum
1094 2359 1143 2412 est
1157 2360 1190 2411 nt
1211 2351 1254 2429 qui

253 2436 391 2498 eiusmodi
411 2453 449 2497 ex
468 2438 563 2497 causis
583 2437 611 2496 iu
631 2435 706 2497 diem
721 2436 807 2496 edicti
821 2435 986 2496 vicesimam
1000 2433 1160 2512 deberent,
1188 2451 1253 2494 non·

253 2520 318 2580 dnm
332 2529 425 2580 amen
439 2517 616 2597 intulissent,
642 2537 699 2578 non
714 2519 860 2580 inferrent.
894 2519 934 2579 At
948 2519 976 2578 in
990 2520 1179 2596 praeteritum
1191 2518 1285 2580 subu

252 2605 402 2665 venirene
419 2601 457 2663 dii
471 2602 584 2682 quidem
601 2611 735 2681 possunt:
750 2613 780 2663 tu
794 2612 888 2664 tumen
904 2602 1081 2680 subvenisti,
1098 2604 1254 2681 cavistique

253 2696 283 2747 nt
298 2687 443 2748 desineret
458 2689 579 2766 quisque
593 2685 701 2747 debere
714 2686 790 2765 qnod
805 2706 865 2749 ιιοιι
881 2695 962 2748 esset
979 2695 1081 2764 postea
1096 2685 1254 2758 debiturus,

252 2769 282 2830 id
296 2779 343 2830 est
356 2770 480 2831 effecisti
495 2789 532 2832 ue
546 2769 635 2832 mulos
651 2770 797 2850 principes
812 2769 1018 2832 habuissemus.
1047 2767 1112 2842 Quo
1129 2771 1254 2848 ingenio,

254 2855 279 2913 si
296 2861 393 2912 natura
407 2861 569 2932 pateretur,
591 2872 674 2933 quam
687 2852 811 2916 libenter
824 2863 866 2915 tot
880 2853 1027 2933 spoliatis,
1051 2861 1094 2913 tot
1108 2853 1255 2914 trucidatis

253 2935 418 3013 sanguinem
432 2945 462 2996 et
476 2935 550 2998 bonu
564 2937 737 3000 refudissent
758 2937 881 3000 Vetuisti
897 2938 974 3016 exigi
991 2935 1068 3016 quod
1083 2935 1187 2998 deberi
1202 2943 1293 3014 nuntii

252 3029 302 3082 tuo
317 3018 435 3080 saeculo
450 3029 596 3098 coeperat.
620 3022 704 3084 Alius
718 3030 748 3083 ut
763 3022 974 3083 contumacibus
986 3023 1163 3084 irasceretur
1174 3021 1256 3082 tardi·
1292 3045 1293 3133 p

251 3115 396 3183 tutamque
411 3100 542 3166 solvendi
558 3104 635 3184 dupli
650 3105 698 3166 vel
711 3114 740 3166 et
753 3103 902 3186 quadrupli
916 3105 1094 3184 inrogatione
1108 3103 1255 3166 multaret:

251 3200 282 3251 tu
297 3187 366 3250 nibil
380 3187 491 3250 referre
505 3189 659 3269 iniquitatis
678 3191 837 3267 existimas,
862 3189 962 3266 exigas
981 3187 1059 3268 qnod
1079 3187 1183 3250 deberi
1203 3206 1255 3250 non

200 3276 242 3341 41
254 3273 428 3351 oportuerit,
444 3290 480 3334 un
494 3275 650 3335 constituas
666 3284 696 3335 ut
711 3269 869 3335 debeatur?
896 3271 1004 3351 lleres,
1019 3270 1146 3350 Caesar,
1163 3289 1255 3334 curum

253 3365 283 3418 et
301 3355 522 3418 sollicitudiuem
542 3356 730 3418 consularem.
765 3355 836 3418 Nam
855 3357 922 3418 milri
938 3357 1073 3435 cogitanti
1089 3356 1215 3417 eundem
1228 3361 1292 3436 tett

174 3454 181 3465 ·
252 3439 422 3501 collationes
439 3442 602 3518 remisisse,
618 3440 778 3502 donativum
789 3440 967 3518 reddidisse,
985 3441 1162 3518 congiarium
1177 3441 1254 3502 ubtu-
1291 3451 1292 3499 t

251 3521 338 3599 lissa,
354 3519 498 3583 delatores
515 3522 668 3601 abegisse,
692 3523 845 3600 vectigalia
858 3525 1055 3603 temperasse,
1078 3525 1253 3604 interrogor·

252 3601 306 3662 dus
319 3601 425 3662 videris
439 3605 545 3664 satisne
561 3606 761 3683 conputaveris
775 3607 886 3685 imperii
901 3606 1020 3667 reditus.
1045 3607 1092 3668 An
1108 3615 1202 3668 tantss
1217 3607 1254 3665 vi·
