2632 4102
185 283 227 345 36
612 277 647 339 0.
667 277 765 339 PLINI

159 444 307 512 egentes,
328 395 529 494 nc⁶audicntcs
541 432 669 510 quidem;
690 449 754 492 nam
767 430 899 511 plerique
914 448 971 492 non
984 429 1116 511 audiunt,
1135 451 1193 494 nee

186 517 236 577 ulli
255 518 344 594 magis
358 516 481 577 landant.
514 515 544 576 Si
560 515 672 594 quaudo
685 515 817 576 transibis
832 533 886 593 per
900 515 1044 576 basilicam
1061 525 1091 577 et
1108 514 1192 578 voles

187 603 262 664 scire
278 617 335 680 quo
350 601 434 662 modo
450 601 570 680 quisque
583 600 669 678 dicat,
684 598 753 659 nihil
764 609 808 659 est
821 598 897 676 quod
907 598 1029 659 tribunal
1040 600 1193 679 ascendas,

185 684 254 745 nibil
270 684 346 764 quod
360 685 500 764 praebeas
513 700 623 753 aurem;
637 683 730 744 facilis
741 682 890 743 divinatio:
905 685 979 744 scito
991 702 1055 744 eum
1066 685 1193 763 pessime

160 769 285 833 9diccre
304 769 352 846 qui
373 766 531 828 laudabitur
552 769 681 826 maxime.
713 765 820 826 Primus
841 766 917 828 bunc
937 765 1068 828 audiendi
1084 779 1220 844 moreins

188 852 296 913 induxit
310 849 428 928 largius
443 850 574 927 licinus,
584 849 729 916 hactenus
744 858 838 910 tamen
855 857 886 909 ut
898 851 1042 912 auditores
1058 868 1194 930 corroga-

150 947 247 1000 toret:
268 937 307 995 ita
325 944 405 995 certe
421 952 458 994 ex
473 933 662 1011 Quintiliano,
681 943 871 1013 praeceptore
891 951 973 1012 meo,
998 935 1112 997 audisse
1133 954 1194 995 me·

187 1020 264 1079 mini.
294 1015 431 1079 Narrabat
452 1016 502 1078 ille
523 1017 701 1078 ‘adsectabar
723 1017 876 1078 Domitium
896 1017 1012 1078 Atrum:
1038 1037 1102 1078 cum
1118 1018 1195 1096 apud

189 1103 381 1164 centumuiros
393 1100 502 1162 diceret
511 1101 637 1179 grauiter
648 1111 678 1162 et
688 1100 766 1162 lente
783 1101 855 1180 (hoc
870 1102 945 1162 enim
955 1100 998 1162 illi
1012 1103 1131 1163 actionis
1142 1121 1195 1181 ge·

188 1205 241 1246 nus
261 1185 355 1264 erat),
375 1185 451 1245 audit
472 1203 510 1246 ex
529 1186 657 1264 proximo
678 1184 848 1245 inmodicum
868 1184 1069 1264 insolitumque
1090 1184 1241 1252 clamo-lo

187 1288 257 1329 rem.
290 1267 450 1331 Admiratus
472 1269 596 1330 reticuit.
627 1268 683 1329 Ubi
703 1267 846 1328 silentium
865 1269 971 1329 iactum
990 1280 1052 1348 cst,
1079 1271 1197 1348 repetiit

151 1368 180 1420 tl
190 1353 266 1433 quod
279 1353 441 1432 abruperat.
461 1352 567 1414 lterum
583 1352 701 1430 clamor,
715 1353 818 1412 iterum
831 1354 962 1430 reticuit,
984 1363 1013 1413 et
1027 1363 1095 1432 post
1108 1353 1197 1415 silen-
1305 1399 1306 1404 ,

188 1439 257 1499 tium
274 1439 371 1517 coepit
384 1437 459 1498 idem
474 1438 570 1497 tertio.
601 1435 763 1497 Novissime
775 1438 838 1514 quis
851 1435 961 1497 diceret
982 1437 1136 1515 quaesivit:
1150 1456 1197 1498 re·

190 1539 328 1600 sponsum
350 1531 396 1582 est
411 1521 559 1581 ‘Licinus’
588 1518 658 1578 Tum
672 1520 832 1581 intermissa
845 1537 928 1581 causa
944 1521 1136 1580 ‘centumuiri’
1154 1523 1198 1580 in·
1307 1557 1308 1560 =

151 1607 264 1685 lnquit,
280 1605 348 1664 ‘boc
364 1605 513 1665 artilicium
528 1603 656 1682 periit'’.
694 1601 777 1676 Quod
798 1601 904 1682 alioqui
919 1606 1015 1683 perire
1030 1605 1196 1684 incipiebat,
1207 1612 1244 1664 15
1308 1624 1309 1650 u

192 1707 255 1750 cum
266 1689 379 1768 perisse
388 1687 457 1748 Atro
470 1687 627 1765 uideretur,
639 1705 713 1747 nunc
723 1705 793 1746 vero
806 1704 898 1766 prope
910 1688 1034 1750 funditus
1042 1691 1199 1750 extinctum

191 1783 220 1834 et
234 1791 367 1834 eversum
383 1781 439 1834 est.
459 1771 550 1832 Pudet
561 1771 673 1831 referre
685 1788 758 1849 quae
771 1789 853 1850 quam
865 1771 955 1833 fracta
968 1773 1198 1853 pronuntiatione

152 1870 183 1924 13
191 1857 336 1935 dicantur,
352 1858 551 1936 quibusquam
566 1856 672 1915 teneris
686 1854 856 1916 clamoribus
869 1857 1055 1937 excipiantur.
1076 1855 1198 1916 Plausus

191 1951 296 2002 tantum
308 1959 343 2001 ac
356 1943 453 2020 potius
464 1939 527 2001 sola
543 1937 671 2014 cymbala
685 1949 714 1998 et
729 1948 861 2019 tympana
874 1938 931 2001 illis
945 1940 1063 2001 canticis
1078 1939 1198 2002 desunt:

191 2024 314 2085 ululatus
326 2026 439 2103 quidem
446 2025 556 2104 (neque
570 2023 645 2083 eninr
657 2021 712 2082 alio
725 2023 868 2085 vocabulo
879 2032 976 2101 potest
988 2023 1107 2102 exprim
1117 2023 1198 2084 thea·
1206 2036 1244 2089 20

152 2110 241 2174 attus
264 2125 379 2187 quoque
399 2108 534 2168 indecora
554 2106 692 2185 laudatio)
715 2105 795 2186 large
820 2117 983 2186 supersunt.
1014 2107 1075 2168 Nos
1103 2119 1198 2168 tamen

192 2191 283 2252 adbuc
304 2201 334 2252 ct
353 2188 458 2253 utilitas
473 2193 627 2252 amicorum
641 2201 671 2251 et
690 2191 761 2250 ratio
776 2193 875 2252 aetatis
890 2203 1062 2252 moraturae
1077 2193 1198 2251 retinet:

191 2294 324 2337 veremur
335 2278 409 2335 enim
419 2294 457 2336 nc
473 2276 548 2336 forte
560 2293 618 2335 non
628 2274 679 2334 bas
696 2272 877 2352 indignitates
887 2274 1041 2353 reliquisse
1053 2275 1107 2336 sed
1117 2273 1200 2335 labo·
1233 2288 1236 2292 ·

191 2379 252 2420 rem
263 2359 374 2438 fugisse
389 2360 544 2422 videamur.
573 2360 675 2419 Sumus
691 2365 785 2419 tamen
799 2357 885 2420 solito
899 2360 1038 2436 rariores,
1056 2358 1131 2437 quod
1145 2360 1197 2417 ini·

191 2445 261 2504 tium
276 2454 321 2505 est
333 2443 469 2522 gradatim
479 2441 634 2505 desinendi.
657 2441 741 2501 Vale.
1206 2451 1244 2502 25

323 2619 327 2628 '
441 2641 469 2692 c.
488 2640 616 2693 numus
635 2639 826 2691 vaunnrnuo
845 2638 905 2688 suo
922 2637 948 2688 s.

169 2739 183 2789 1
230 2712 235 2721 ’
256 2723 419 2798 Quomodo
437 2735 466 2787 te
481 2735 598 2788 veteres
617 2723 704 2788 blansi
723 2720 785 2784 tui‘l
808 2741 865 2803 quo
880 2722 966 2784 modo
981 2725 1088 2802 emptio
1103 2721 1199 2784 nova?

194 2807 311 2869 Placent
325 2809 402 2887 agri,
414 2820 565 2889 postquam
578 2811 618 2871 tui
633 2808 701 2869 iacti
715 2804 800 2867 suut?
824 2806 928 2868 Rarum
942 2805 970 2867 id
986 2807 1114 2886 quidem:
1128 2805 1199 2867 nibil

168 2893 270 2958 tanim
290 2911 382 2972 acque
401 2904 510 2971 gratum
532 2903 577 2954 est
597 2889 708 2971 adeptis
730 2907 812 2969 quam
838 2891 1119 2970 concupiscentibus.
1150 2889 1242 2955 bleso

195 2976 309 3055 praedia
323 2987 447 3038 materna
461 2995 559 3057 parum
574 2975 721 3038 commode
741 2982 878 3054 tractant,
900 2974 1044 3038 delectant
1057 2984 1150 3036 tannen
1168 2984 1199 3033 ut

194 3070 330 3140 materna,
346 3071 376 3122 et
391 3061 497 3141 alioqui
508 3061 594 3138 longa
604 3059 738 3139 patientia
749 3059 883 3122 occallui.
905 3058 1016 3121 llabent
1027 3059 1102 3120 bunc
1115 3060 1200 3119 finem

195 3145 329 3206 adsiduae
345 3144 492 3225 querellae
508 3143 584 3223 quod
599 3143 680 3223 queri
694 3137 793 3222 p‘udct.
827 3143 909 3205 Vale.

464 3360 492 3412 G.
510 3359 637 3412 PLINIUS
656 3260 801 3412 ΞΝἜΙΑΝΟ
821 3358 880 3410 SUO
900 3359 926 3412 S.
1206 3368 1241 3422 35

130 3426 140 3447 ’
174 3458 182 3507 1
259 3445 302 3505 uu
314 3444 427 3525 quidem
440 3463 493 3524 pro
506 3456 604 3507 cetera
615 3455 662 3507 tua
677 3445 822 3523 diligentia
835 3445 971 3504 admones
984 3462 1030 3504 me
1041 3439 1196 3503 codicillos

197 3528 332 3607 Aciliani,
353 3530 400 3609 qui
416 3545 462 3589 me
476 3547 514 3590 ex
530 3540 611 3608 parte
629 3529 748 3590 instituit
767 3527 919 3607 heredem,
943 3545 996 3607 pro
1008 3544 1066 3587 non
1081 3527 1197 3606 scriptis
