2632 4102
633 296 665 358 0.
688 295 786 359 PLINI

691 449 726 510 V.

481 563 511 620 G.
529 563 653 617 PLINIUS
670 563 818 618 Lorunco
835 565 896 617 SUO
910 563 938 616 S.

270 703 421 770 Actionem
436 712 493 763 eta
507 711 536 762 te
547 701 713 780 frequenter
728 703 909 780 efflagitatam
921 711 950 763 et
961 721 978 764 a
989 722 1035 764 me
1046 721 1135 782 saepe
1147 723 1217 784 pro·
1232 723 1246 772 1

184 786 321 850 5rnissam
335 786 450 847 exhibui
467 786 534 862 tini,
557 785 680 846 nondum
697 795 790 846 tamen
809 795 912 848 totam:
941 785 1035 848 adhuc
1055 789 1130 848 euim
1148 806 1217 868 pers

208 875 269 933 cius
285 869 454 950 perpetitur.
483 867 598 930 interim
616 887 688 948 quae
702 869 875 931 absolutiora
894 869 961 929 mihi
974 869 1143 933 videbantur
1155 887 1244 939 none

207 957 259 1016 fuit
272 955 395 1015 alienum
408 952 513 1014 iudicio
528 963 577 1013 tuo
592 953 673 1014 tradi.
694 952 745 1014 His
755 963 786 1014 ιιι
799 971 873 1030 rogo
887 955 1072 1015 intentionem
1083 956 1215 1017 scriben-

205 1041 243 1100 tis
258 1038 468 1099 accommodes.
489 1035 566 1097 Nihil
581 1039 656 1098 enim
670 1037 762 1099 adhuc
776 1039 850 1098 inter
863 1055 961 1099 manus
972 1037 1057 1099 habui
1069 1041 1116 1099 cui
1125 1042 1216 1101 maio-

206 1140 268 1183 rem
282 1120 501 1183 sollicitudinem
514 1130 661 1200 praestare
677 1121 823 1182 deberem.
844 1119 915 1181 Nam
928 1123 958 1181 in
972 1123 1080 1184 ceteris
1094 1125 1243 1190 actioni-3

166 1207 261 1275 lohus
279 1206 477 1267 existimationi
494 1204 637 1266 hominum
654 1203 800 1284 diligentia
813 1213 920 1265 tautum
934 1213 963 1266 et
978 1205 1050 1268 fides
1060 1215 1168 1286 nostra,
1183 1209 1216 1268 in

206 1289 261 1350 hac
278 1291 363 1351 etiam
380 1292 472 1369 pietas
490 1290 656 1350 subicietur.
683 1288 752 1349 inde
768 1297 798 1350 et
812 1287 886 1349 liber
901 1290 1008 1367 crevit,
1030 1288 1095 1350 dum
1110 1308 1215 1352 ornere

206 1375 323 1454 petriam
344 1383 374 1434 et
393 1372 567 1452 amplificare
587 1374 761 1451 gaudemus,
788 1374 896 1452 pariter
917 1382 946 1433 et
967 1373 1128 1435 defensioni
1148 1377 1214 1436 eius

206 1460 345 1520 servimus
366 1467 396 1519 et
415 1457 534 1536 gloriae.
569 1455 612 1515 Τιι
627 1465 720 1517 tamen
733 1455 806 1518 haec
820 1457 895 1534 ipse,
911 1466 1043 1535 quantum
1056 1459 1128 1519 ratio
1143 1472 1244 1525 exe-4

205 1543 296 1620 gerit,
314 1557 426 1602 reseca.
458 1539 597 1614 Quotiens
613 1541 688 1600 euim
703 1538 739 1600 ad
752 1539 893 1601 fastidium
907 1538 1063 1618 legentium
1078 1540 1214 1604 delicias·

164 1646 196 1698 15
206 1644 262 1704 que
276 1626 419 1704 respicio,
438 1623 577 1701 intellego
592 1623 676 1684 nohis
691 1624 963 1684 commendationem
976 1634 1006 1685 et
1020 1643 1058 1686 ex
1073 1627 1136 1705 ipsa
1150 1644 1213 1687 me·

205 1709 353 1769 diocritate
369 1707 434 1768 libri
448 1707 608 1788 petendam.
636 1705 715 1769 idem
729 1716 822 1768 tamen
838 1708 959 1786 quiete
975 1707 1048 1770 hauc
1063 1712 1240 1775 auctorita-5

202 1802 262 1854 tem
278 1793 364 1870 eudgo
379 1809 471 1871 cogor
484 1792 513 1852 id
530 1789 607 1870 quod
623 1790 767 1852 diversum
781 1799 826 1852 est
841 1789 1004 1870 postulare,
1021 1802 1051 1853 ut
1064 1794 1093 1852 in
1106 1792 1213 1872 pleris-

205 1894 261 1955 que
276 1876 399 1937 froutem
410 1877 547 1937 remittas.
569 1875 641 1935 Sunt
654 1875 728 1936 enim
744 1873 882 1952 quaedem
896 1874 1121 1937 adulescentium
1135 1879 1213 1937 euri-

204 1961 258 2021 bus
274 1959 380 2039 danda,
402 1960 571 2038 praesertim
585 1961 610 2019 si
629 1959 745 2019 materie
759 1974 816 2018 uon
828 1957 1006 2035 refragetur:
1020 1977 1085 2020 nam
1099 1959 1211 2021 descri-

161 2045 317 2123 20ptiones
337 2042 483 2121 locorum,
502 2044 622 2121 quaein
644 2042 701 2102 hoc
714 2041 787 2102 libro
803 2041 1016 2120 frequentiores
1031 2053 1131 2122 erunt,
1151 2061 1211 2104 non

204 2128 340 2188 historice
353 2136 459 2188 tautum
471 2127 525 2188 sed
541 2144 633 2206 prope
644 2127 762 2205 poetice
776 2127 915 2205 prosequi
930 2125 974 2188 fas
988 2136 1045 2188 est.
1067 2125 1152 2201 Quod
1166 2136 1236 2192 ιιι-6

203 2229 269 2272 meu
288 2211 314 2272 si
334 2212 398 2291 quis
417 2212 542 2272 extiterit
564 2213 611 2290 qui
628 2219 709 2290 putet
724 2227 777 2271 nos
800 2207 901 2270 laetius
922 2210 1031 2272 fecisse
1048 2229 1131 2290 quam
1145 2228 1211 2273 ora·

203 2295 287 2356 tionis
305 2297 443 2356 severitas
460 2296 565 2374 exigat,
581 2293 676 2372 huius,
691 2296 770 2354 atita
784 2291 912 2370 dixerim,
928 2295 1068 2355 tristitiam
1078 2294 1209 2374 reliquae

203 2389 300 2458 portes
313 2380 434 2442 actionis
449 2395 569 2440 exorare
583 2377 737 2439 debebunt.
759 2376 859 2439 Adnisi
871 2387 951 2439 certe
961 2397 1059 2440 sumus
1069 2388 1101 2440 ut
1111 2396 1210 2458 quum·

160 2478 194 2532 25
202 2462 274 2525 libet
287 2463 400 2525 diversa
413 2481 521 2542 genera
534 2462 675 2524 lectorum
688 2479 743 2541 per
756 2459 854 2539 plures
869 2461 982 2523 dicendi
996 2465 1114 2541 species
1125 2472 1208 2523 tene·

202 2565 315 2626 remus,
336 2566 371 2608 ac
391 2549 465 2609 sicut
478 2564 611 2609 veremur
624 2565 661 2606 ne
676 2545 844 2625 quibusdam
857 2561 924 2623 pars
937 2544 1031 2625 alique
1048 2547 1232 2612 secundumn

202 2647 280 2692 suam
295 2634 433 2710 cuiusque
448 2640 572 2694 naturam
586 2648 644 2692 non
657 2629 812 2709 probetur,
833 2630 872 2688 ita
891 2628 1020 2690 videmur
1031 2647 1122 2708 posse
1137 2646 1206 2691 con-

202 2713 291 2774 fidere
304 2723 334 2774 ut
345 2716 556 2777 universitatem
567 2714 696 2775 omnibus
709 2714 832 2773 varietas
845 2713 910 2791 ipsa
925 2715 1113 2775 commendet
1132 2712 1233 2780 usne

202 2799 274 2858 etin
289 2799 399 2858 ratione
420 2799 632 2876 conviviorum,
655 2797 782 2875 quarnris
802 2814 819 2856 e
839 2795 989 2877 plerisque
1006 2798 1079 2859 cibis
1099 2797 1206 2876 singuli

158 2889 409 2959 eotemperemus‚
424 2889 512 2942 totum
524 2890 619 2942 tomen
634 2898 734 2943 cenam
746 2879 861 2941 laudere
873 2897 972 2943 omnes
986 2881 1131 2961 solemus,
1148 2900 1205 2945 uec

201 2982 235 3025 ea
250 2981 322 3043 queo
337 2965 499 3028 stomachus
513 2974 612 3028 noster
628 2973 744 3027 recusat
759 2963 882 3026 adimunt
896 2967 1013 3044 gratiam
1028 2965 1086 3027 illis
1100 2965 1204 3044 quibus

201 3050 318 3128 capitur.
349 3049 444 3128 Atque
459 3049 532 3110 haec
549 3067 606 3129 eqo
620 3052 663 3112 sic
676 3050 770 3128 accipi
782 3047 868 3127 volo,
889 3066 946 3110 non
965 3059 1105 3129 tamquam
1118 3049 1229 3115 adse-9

201 3142 296 3193 cuturn
314 3152 360 3196 mc
378 3152 447 3196 esse
467 3133 597 3213 credam,
621 3135 675 3196 sed
693 3143 834 3212 tamquam
856 3131 977 3211 adsequi
1000 3132 1203 3196 laboraverim:

199 3217 322 3282 fortasse
336 3235 394 3279 non
405 3218 523 3289 frustm
543 3221 567 3280 si
578 3219 663 3281 modo
673 3228 703 3280 tu
719 3234 814 3278 curam
828 3224 904 3279 tuam
917 3217 1078 3278 admoveris
1091 3219 1204 3280 interim

157 3306 191 3362 35
199 3302 272 3378 istis,
286 3320 354 3363 mcx
369 3303 404 3365 iis
419 3320 492 3382 quae
504 3313 651 3365 secuntur.
676 3301 767 3362 Dices
780 3311 811 3363 te
824 3318 880 3362 non
894 3319 984 3381 posse
998 3303 1067 3365 satis
1081 3301 1201 3379 diligen·
1215 3313 1249 3366 lo

199 3393 246 3445 ter
258 3384 287 3445 id
300 3386 410 3465 facere,
424 3389 478 3449 nisi
493 3388 572 3466 prius
585 3396 672 3448 totam
680 3387 823 3446 actionem
836 3388 1018 3464 cognoveris.
1038 3384 1158 3447 Fateor:
1174 3387 1202 3445 fn

199 3472 361 3546 praesentia
380 3480 475 3531 tamen
494 3480 523 3531 et
544 3472 599 3532 ista
616 3471 668 3531 tibi
687 3468 866 3531 familiariora
880 3472 948 3532 dent
967 3480 997 3532 et
1011 3469 1149 3548 quaedem
1163 3487 1202 3530 ex

199 3550 242 3611 his
256 3551 322 3612 talia
335 3563 418 3613 erunt
433 3563 464 3614 ut
483 3570 537 3632 per
547 3563 645 3632 partes
657 3552 800 3614 emendari
815 3557 935 3634 possint.
956 3553 1069 3614 Etenim
1083 3555 1108 3615 si
1122 3552 1202 3613 evol·
1211 3563 1242 3617 ll
