2614 4104
385 245 649 310 Pnuuormcus
667 257 710 312 12.
718 257 762 311 13.
769 257 811 312 14.
1038 247 1102 312 247

99 417 153 460 cer
165 401 269 460 uirtute
283 400 400 461 militum
414 410 444 461 et
458 400 566 477 laetus,
587 401 720 478 quotiens
734 409 782 460 aot
798 399 900 462 cassidi
915 410 980 461 tuae
992 410 1039 462 aut
1051 400 1103 461 cli·

98 500 160 563 peo
173 485 289 562 gravior
301 486 377 546 ictus
394 483 549 552 incideret;
575 483 722 560 (laudabas
736 485 844 562 quippe
859 483 1014 561 lerientes,
1035 485 1097 546 hor·

98 567 264 646 tabarisque
277 577 307 628 ut
321 568 475 645 auderent,
492 577 520 628 et
535 566 676 628 audebant
689 567 758 645 iam)
770 585 834 626 oum
845 575 991 646 spectator
1004 567 1102 628 mode·

99 661 235 730 ratorquo
256 653 409 712 ineuntium
427 652 578 712 certamina
591 652 715 710 virorum
729 668 803 710 arma
819 667 1018 728 conponeres,
1044 650 1102 711 tela

70 743 272 813 ttemptares,
294 753 328 795 ac
343 737 368 798 si
384 735 461 813 qood
474 735 569 796 durius
584 733 735 812 accipienti
749 733 909 812 videretur,
931 734 996 811 ipse
1009 734 1100 794 vibra·

96 835 159 878 res.
188 816 261 891 Quid
277 836 340 879 oum
357 818 492 879 solacium
506 818 614 896 fessis,
627 820 722 896 aegris
737 834 823 896 opem
836 814 950 878 ferres?
972 816 1037 877 Non
1050 818 1102 878 tibi

95 902 186 962 moris
210 911 257 961 toa
277 903 347 962 inire
369 903 507 979 tentoria,
531 903 586 963 nisi
607 901 829 963 commilitonum
848 911 913 962 ante
934 900 1100 980 lustrasses,

95 1001 155 1044 nec
169 986 296 1063 requiem
316 987 430 1065 corpori
445 988 499 1047 nisi
520 995 586 1064 post
603 1003 701 1046 omnes
716 985 794 1046 dare.
828 983 888 1045 Hau
901 986 968 1045 mihi
985 985 1101 1045 admira·

95 1069 178 1129 tione
193 1069 294 1145 dignus
307 1071 461 1148 imperator
471 1087 527 1130 non
539 1069 700 1147 videretur,
714 1070 739 1129 si
754 1067 982 1130 interFabrioios
998 1078 1027 1129 et
1038 1069 1101 1130 Sci·

51 1160 86 1211 lo
96 1154 202 1231 piones
217 1163 246 1213 et
261 1151 396 1214 Camillos
412 1153 475 1214 talis
490 1162 579 1214 esset.
607 1152 687 1214 Tune
701 1152 775 1212 enim
789 1151 868 1211 illum
880 1153 1041 1213 imitationis
1057 1171 1100 1214 ar·

95 1235 151 1296 dor
164 1252 336 1315 semperque
350 1235 451 1297 melior
465 1236 566 1316 aliquis
584 1236 766 1298 accenderet.
789 1234 941 1314 Postquam
955 1253 1025 1295 vero
1042 1245 1099 1296 stu·

96 1318 174 1378 dium
192 1337 331 1379 armorum
350 1339 367 1380 a
385 1321 513 1381 manibus
532 1320 568 1380 ad
589 1319 707 1397 oculos,
733 1318 768 1378 ad
781 1318 955 1397 voluptatem
969 1337 985 1378 a
1000 1318 1099 1380 laboro

95 1401 260 1463 translatum
274 1412 333 1472 est:
355 1414 506 1483 postquam
528 1402 778 1464 exercitationibus
798 1403 903 1464 nostris
918 1419 974 1462 non
988 1411 1098 1463 vetera-

96 1503 199 1546 norum
212 1486 330 1565 aliquis,
348 1490 393 1547 cui
405 1487 494 1549 decus
505 1487 618 1548 muralis
629 1497 677 1548 aut
689 1488 796 1565 civica,
813 1487 865 1547 sed
872 1485 1029 1547 Graeculus
1042 1504 1098 1546 ma·

52 1581 86 1632 15
98 1571 190 1647 gister
208 1569 333 1631 adsistit:
360 1589 441 1649 quam
459 1589 590 1649 magnum
609 1579 671 1649 est,
696 1588 780 1630 unum
800 1589 838 1630 ex
858 1571 987 1632 omnibus
1007 1571 1098 1648 patrio

99 1670 196 1730 more,
214 1656 302 1732 patria
316 1655 419 1715 virtute
433 1653 547 1732 laetari,
560 1664 589 1715 et
603 1656 665 1714 sine
680 1652 808 1729 aemulo,
825 1656 886 1713 sine
903 1653 1036 1733 exemplo
1051 1672 1098 1714 sa·

99 1754 163 1796 cum
179 1746 307 1814 certare,
329 1756 427 1798 secum
443 1738 634 1812 contendere,
659 1756 693 1797 ac
708 1738 782 1797 sicut
798 1739 917 1815 imperat
931 1735 1028 1815 solus,
1050 1753 1098 1796 so·

98 1819 156 1878 lum
169 1822 207 1880 ita
225 1839 294 1882 esse
310 1822 357 1900 qui
372 1821 475 1882 debeat
489 1821 646 1899 imperare!
689 1819 754 1879 Non
768 1818 937 1880 incunabula
950 1819 1023 1880 baec
1035 1821 1096 1898 tibi,
1110 1822 1148 1886 14

98 1902 222 1981 Caesar,
238 1915 268 1965 et
282 1905 454 1982 rudimenta,
471 1923 534 1964 cum
550 1922 621 1984 puer
635 1903 783 1966 admodum
794 1902 923 1963 Parthica
938 1902 1018 1965 lauro
1033 1902 1097 1981 glo·

50 1988 165 2050 loriam
181 1990 268 2066 patris
288 2006 410 2066 augeres
431 2007 590 2068 nomenque
610 1987 768 2050 Germanioi
788 1988 843 2046 iarn
861 1996 919 2047 turn
939 2005 1097 2066 mererere,

96 2088 161 2130 oum
175 2070 311 2132 ferociam
332 2073 552 2152 superbiamque
573 2072 755 2133 barbarormn
774 2090 813 2131 ex
834 2072 965 2149 proximo
988 2070 1097 2132 auditus

94 2171 198 2231 magno
218 2165 328 2216 terrore
350 2155 517 2234 cohiberes,
544 2155 731 2234 Rhenumque
752 2163 782 2215 et
796 2153 961 2234 Euphraten
981 2153 1097 2217 admira·

94 2236 180 2298 tionis
203 2247 268 2299 tuae
288 2239 428 2300 societate
450 2237 660 2316 coniungeres?
688 2257 752 2299 cum
773 2239 872 2298 orbem
890 2247 1027 2298 terrarum
1040 2256 1097 2298 uon

94 2319 218 2400 pedibus
238 2323 328 2399 magis
350 2341 431 2402 quam
451 2322 579 2384 laudibus
598 2339 785 2401 peragentes,
812 2321 887 2400 apud
911 2337 963 2380 eos
983 2339 1099 2399 semper

49 2407 185 2471 osmaior
199 2415 228 2465 et
244 2404 345 2466 clarior
359 2407 461 2485 quibus
476 2416 578 2486 postea
595 2401 791 2483 contigisses?
817 2404 855 2466 Et
869 2403 991 2465 necdum
1006 2406 1097 2481 impe·

93 2497 189 2566 rator,
204 2487 325 2548 necdum
340 2489 386 2550 dei
402 2489 474 2550 lilius
489 2509 564 2550 eras.
587 2488 761 2550 Germaniam
775 2487 1016 2568 Hispaniamque
1033 2505 1097 2546 oum

94 2569 232 2651 plurimae
247 2582 350 2649 gentes
364 2591 398 2634 ac
413 2590 505 2653 prope
516 2573 621 2634 infinita
631 2574 747 2633 vastitas
762 2572 954 2632 interiacentis
969 2569 1025 2631 soli
1039 2579 1097 2630 tum

93 2654 274 2733 Pyrenaeus,
289 2655 398 2735 Alpes,
413 2659 590 2735 inmensique
604 2655 651 2716 alii
665 2664 794 2731 montes,
815 2654 924 2714 nisibis
940 2671 1097 2733 conparen-

94 2747 156 2815 tur,
177 2741 302 2801 muniunt
317 2740 514 2820 dirimuntque.
547 2739 602 2801 Per
621 2740 677 2800 boc
692 2757 774 2798 omna
791 2739 911 2816 spatium
927 2756 991 2798 oum
1004 2737 1095 2816 legio·

49 2839 148 2892 sones
163 2820 284 2882 duceres
299 2843 351 2884 seu
365 2826 459 2903 potius
475 2825 565 2902 (tauta
580 2822 720 2883 velocitas
734 2830 809 2899 erat)
826 2840 960 2902 raperes,
976 2840 1032 2884 non
1045 2841 1096 2884 ve·

94 2904 220 2965 hionium
234 2924 380 2986 umquam,
393 2925 450 2968 non
467 2925 571 2987 equum
585 2905 748 2984 respexisti.
777 2904 862 2967 Levis
877 2906 941 2985 hio,
958 2925 1015 2968 uon
1030 2906 1096 2968 sub·

94 2989 200 3049 sidium
211 2991 319 3052 itineris
334 2991 387 3052 sed
402 2990 508 3069 decus,
535 3000 564 3051 et
585 3009 649 3051 cum
670 2992 781 3052 ceteris
795 2991 1038 3071 subsequebatur,
1065 3000 1096 3051 ut

95 3074 177 3134 ouius
190 3073 284 3135 nullus
300 3074 350 3135 tibi
364 3092 449 3151 osus,
465 3077 518 3135 nisi
535 3092 598 3134 cnm
612 3073 658 3134 die
672 3076 837 3135 stativorum
848 3077 1006 3154 proximum
1021 3090 1095 3133 carn·

94 3175 162 3234 pum
179 3156 322 3219 alacritate
338 3157 468 3219 discursu
482 3157 601 3236 pulvere
616 3157 773 3219 attolleres.
801 3158 911 3218 lnitium
925 3156 1030 3216 laboris
1045 3158 1094 3215 mi·

50 3248 83 3303 35
93 3258 141 3300 rer
155 3258 190 3300 an
206 3238 309 3302 linem?
330 3239 447 3302 Multum
461 3251 506 3303 est
521 3241 597 3321 quod
609 3243 819 3319 perseverasti,
836 3239 900 3318 plus
912 3249 1004 3300 tamen
1019 3239 1095 3318 quod

91 3341 150 3384 non
165 3325 280 3386 timuisti
294 3345 330 3385 ne
346 3343 534 3404 perseverare
552 3343 608 3385 non
624 3343 739 3403 posses.
766 3323 829 3383 Nec
851 3323 949 3382 dubito
964 3323 1029 3401 quin
1044 3319 1095 3383 ille

93 3409 141 3486 qni
157 3417 185 3469 te
202 3410 276 3470 inter
294 3409 342 3469 illa
357 3408 522 3472 Germaniae
538 3408 614 3470 bella
633 3409 668 3469 ab
682 3407 815 3486 llispania
830 3424 922 3485 usquo
936 3415 966 3466 ut
980 3404 1093 3467 validis·
1150 3451 1158 3466 .

90 3493 192 3552 simum
212 3493 384 3582 praesidinm
404 3495 567 3570 exciverat,
597 3495 674 3554 iners
695 3494 757 3570 ipse
774 3489 931 3569 alienisque
946 3489 1096 3551 virtutibus
