2632 4096
355 295 805 362 ttPlst'UbAltUthI.1o.rc.
1030 295 1091 362 rat

99 451 183 508 rubus
202 448 403 511 formidolosus
424 450 489 527 quia
511 447 683 528 campaniae
701 448 812 510 solitus.
844 446 897 508 llla
917 466 987 510 vero
1004 459 1092 510 nocte

98 533 133 592 ita
145 531 260 592 brrslur't
272 542 303 592 nt
317 549 374 592 nou
388 534 497 592 moveri
511 535 602 594 omnia
614 534 666 594 scd
680 533 754 593 verti
769 531 961 594 crederentur.
985 533 1118 596 lurum-r

99 618 137 694 pit
149 615 309 678 cubiculum
322 633 415 676 rneurn
428 625 533 677 nrater:
548 618 711 696 surgebam,
726 617 860 694 invicem,
875 618 900 677 si
915 617 1090 694 quiesceret,

92 701 273 774 'taturus
299 699 460 761 llesidinrus
474 703 502 760 in
517 718 584 762 area
598 701 709 777 domus,
725 716 798 779 quaa
812 717 890 760 mare
904 717 921 759 a
933 700 1018 760 tectis
1031 717 1092 760 nro·

75 781 155 844 odico
170 785 263 862 spatio
277 783 431 856 dividebat.
449 783 555 845 Dubito
571 786 756 844 constantiam
768 801 875 844 vocare
890 801 925 843 an
939 783 1116 863 inprudens

96 867 155 925 bam
171 866 304 937 debeam
325 868 445 946 agebam
466 869 540 929 cuim
561 867 840 930 duodevicensimum
861 886 976 928 annum:
1001 885 1092 946 posco

95 949 252 1012 librurnliti
266 949 327 1010 liri
341 961 372 1012 et
383 953 463 1030 quasi
478 969 532 1031 per
542 953 628 1012 ctiurn
639 951 707 1030 lego
721 951 815 1032 adque
829 953 924 1028 etiam,
939 960 970 1012 ut
985 968 1091 1032 coepa-

95 1050 163 1110 ran,
178 1051 317 1112 excerpo.
349 1033 446 1114 Ecce,
467 1036 575 1098 unricus
592 1035 743 1115 auunculi,
759 1037 806 1114 qui
820 1053 913 1114 nuper
924 1036 961 1096 ad
976 1053 1041 1096 euru
1055 1053 1093 1097 ex

95 1115 221 1196 Hispania
234 1128 370 1196 venerat,
393 1127 424 1178 ut
437 1135 483 1179 ure
498 1128 527 1179 ct
541 1129 658 1180 matrem
678 1119 833 1196 sedentes,
854 1136 901 1178 nac
920 1136 991 1178 uero
1008 1121 1091 1180 etiam

65 1199 232 1278 [elegantem
246 1200 342 1280 ridet,
363 1201 441 1262 illius
454 1204 634 1281 patientiam,
652 1204 834 1266 securibtem
854 1219 944 1261 meam
959 1205 1091 1282 corripit:

60 1263 174 1366 [nihilo
188 1288 308 1363 segnius
322 1303 379 1364 ego
394 1287 518 1347 intentus
531 1289 561 1347 in
575 1279 696 1366 librum
716 1285 774 1347 lam
789 1285 859 1346 bora
874 1283 930 1345 diei
946 1286 1046 1364 prima,
1063 1296 1117 1355 etc

96 1366 179 1429 adbuc
199 1368 302 1430 dubius
323 1379 353 1430 et
373 1371 453 1450 quasi
474 1369 623 1448 languidus
638 1371 710 1430 dies.
742 1368 800 1430 lam
817 1369 956 1448 quassatis
972 1369 1091 1429 circum-

96 1452 245 1514 iacentibus
266 1455 368 1530 tectis,
385 1471 551 1533 quamqmrn
569 1457 599 1515 iu
618 1463 720 1533 aperto
740 1453 825 1530 loco,
848 1462 969 1530 angusto
985 1461 1089 1531 tamen,

95 1551 204 1612 napum
219 1545 249 1598 et
263 1545 359 1598 cartus
373 1539 471 1598 ruinae
485 1547 588 1600 metus.
610 1537 681 1598 'lunt
698 1538 810 1599 demum
824 1535 969 1598 excedere
984 1536 1118 1617 oppidot

62 1618 89 1670 15
96 1620 193 1680 nsum:
214 1622 346 1700 sequitur
363 1621 467 1699 vulgus
488 1624 649 1700 attonitum,
672 1620 807 1701 quodque
827 1623 855 1681 in
874 1638 982 1700 pavore
997 1621 1090 1683 simile

94 1703 1117 1867 {titulabit„itti“agttttitlattlltt‘tutta

94 1868 129 1929 ibi
146 1871 289 1949 miranda,
311 1872 412 1932 nrultas
433 1872 597 1934 formidines
618 1874 748 1951 patirnur.
780 1870 851 1932 Narn
870 1870 1001 1931 uehicula
1017 1889 1090 1950 quae

94 1953 205 2028 produci
220 1958 408 2033 iusseramus‚
431 1974 597 2036 warunnam
612 1958 639 2016 in
653 1956 818 2036 planissimo
834 1972 953 2033 campo,
978 1955 1005 2014 in
1023 1972 1091 2015 con·

62 2038 189 2100 nnana
202 2050 302 2119 partes
316 2040 473 2118 agebantur
486 2058 520 2100 ac
534 2058 571 2100 ne
586 2040 725 2119 lapidibus
740 2041 852 2120 quidem
866 2039 936 2105 fulta
950 2041 978 2099 in
989 2039 1091 2099 eodern

94 2122 210 2200 vestigio
231 2124 428 2202 quiescebant.
456 2123 607 2184 Praeterea
626 2142 704 2185 marc
724 2126 753 2185 in
774 2142 807 2187 se
826 2123 969 2185 resorberi
990 2131 1020 2183 et
1034 2132 1117 2194 tre-9

95 2219 168 2266 nore
182 2216 278 2268 tarrae
299 2209 378 2286 quusi
397 2207 501 2288 repelli
515 2207 690 2272 videbamus.
725 2206 811 2269 (lerte
826 2216 1010 2287 processerat
1024 2207 1091 2266 litus

95 2287 230 2369 nudoque
251 2289 379 2352 animalia
400 2293 484 2352 maris
505 2292 592 2353 siccis
615 2293 729 2353 harenis
750 2292 902 2353 detinebat.
934 2289 979 2350 Ab
1000 2289 1091 2349 altero

95 2368 177 2433 latere
196 2374 289 2435 nubes
309 2382 368 2434 atra
389 2382 419 2434 ct
438 2375 577 2436 horrenda
598 2377 678 2454 ignei
690 2377 806 2456 spiritus
820 2377 903 2435 tortis
917 2373 1091 2450 vibratisque

62 2452 265 2519 tadiacursibus
291 2466 374 2538 rupta
405 2458 434 2519 in
460 2458 561 2537 longas
588 2459 757 2520 damnarunt
783 2460 887 2536 ligures
908 2456 1091 2516 dehiscebat:

96 2536 248 2618 iulguribus
266 2540 381 2602 illucet
399 2542 507 2603 similes
529 2551 558 2602 ct
579 2544 704 2603 maiores
725 2552 813 2604 erant.
846 2541 916 2600 'lum
930 2556 1002 2599 vero
1017 2539 1134 2605 idemlo

97 2620 140 2681 ille
160 2642 197 2686 ex
215 2624 351 2704 llispauia
371 2627 478 2686 amicus
498 2628 593 2687 acrius
613 2636 643 2687 et
661 2627 807 2688 instantius
829 2625 867 2684 ‘si
888 2624 986 2684 irater’
1001 2623 1093 2701 inquit

97 2709 176 2785 inus,
192 2719 258 2770 tuus
273 2709 429 2770 avunculus
442 2710 523 2790 vivit,
540 2709 601 2772 vult
615 2727 682 2770 csse
696 2727 751 2770 vos
765 2709 877 2770 salvos:
893 2709 918 2769 si
933 2707 1028 2786 periit,
1045 2726 1092 2768 su·

97 2793 224 2865 perstitcs
245 2792 350 2854 uoluit:
377 2793 496 2872 proinde
517 2794 584 2873 quid
605 2795 726 2855 cessatis
747 2790 909 2854 evadere‘l’
932 2790 1093 2872 Respondi·

64 2873 153 2935 buna
171 2892 228 2937 non
249 2878 451 2940 commissuros
472 2894 526 2939 nos
546 2887 577 2938 ut
597 2876 634 2938 de
655 2875 747 2938 salute
766 2877 844 2937 illins
862 2877 964 2938 incerti
978 2885 1093 2938 nonnae

99 2958 313 3022 contueremus.
344 2959 409 3022 Non
422 2971 546 3023 moratus
566 2960 641 3022 ultra
655 2963 776 3041 proripit
792 2981 826 3022 se
841 2962 992 3039 ebusoque
1008 2977 1093 3020 cursu
1102 2973 1133 3025 11

98 3042 218 3114 periculo
239 3044 374 3105 auianur.
405 3044 470 3107 Nec
490 3046 578 3106 rnultc
598 3055 666 3124 post
686 3045 735 3105 illa
752 3046 843 3106 nubes
865 3044 1044 3105 descendere
1064 3045 1092 3101 in

99 3129 191 3204 uuas,
207 3129 321 3204 open're
336 3130 434 3189 maria:
448 3130 576 3189 cinxerat
588 3126 714 3209 Capreas
729 3138 759 3190 et
773 3128 977 3191 absconderat:
991 3125 1093 3186 bliseni

101 3208 169 3283 quod
181 3213 323 3288 procurrit
336 3211 501 3273 abstulerat.
534 3211 605 3272 Tum
624 3222 715 3274 mater
728 3230 828 3290 orare,
849 3213 972 3288 hortari,
992 3209 1135 3272 iuberett

66 3293 209 3372 acqucquo
229 3294 313 3356 ruodo
333 3295 479 3373 ingerenn
501 3314 592 3375 posse
614 3299 688 3356 enirn
707 3299 855 3373 iuvenem,
877 3313 910 3354 se
925 3302 954 3354 et
971 3293 1051 3352 annis
1065 3300 1094 3352 ct

102 3388 216 3453 corpore
231 3395 348 3456 gravem
362 3380 437 3440 bane
451 3382 630 3458 morituram,
652 3382 677 3441 si
690 3380 758 3439 mihi
770 3396 855 3439 causa
868 3377 966 3436 mortis
980 3393 1038 3436 non
1052 3375 1095 3434 iu·

64 3475 68 3488 ·
100 3453 175 3518 isset
195 3459 260 3538 Ego
274 3472 389 3542 contra,
411 3461 519 3524 salvum
533 3481 579 3523 me
591 3465 646 3523 nisi
660 3480 716 3522 una
727 3478 785 3521 non
800 3461 937 3522 futurum:
960 3458 1024 3520 dein
1037 3476 1095 3519 nra·

102 3553 162 3600 tutu
175 3543 235 3604 cius
246 3545 413 3626 amplexus,
433 3546 539 3607 addere
553 3546 672 3624 gradum
687 3561 772 3622 cogo.
805 3544 889 3606 Paret
907 3561 994 3622 aegre
1015 3543 1094 3603 iucu-
