<?xml version="1.0" encoding="UTF-8"?>
<!DOCTYPE html PUBLIC "-//W3C//DTD XHTML 1.0 Transitional//EN"
    "http://www.w3.org/TR/xhtml1/DTD/xhtml1-transitional.dtd">
<html xmlns="http://www.w3.org/1999/xhtml" xml:lang="en" lang="en">
 <head>
  <title>
</title>
<meta http-equiv="Content-Type" content="text/html;charset=utf-8" />
  <meta name='ocr-system' content='tesseract 3.04.00' />
  <meta name='ocr-capabilities' content='ocr_page ocr_carea ocr_par ocr_line ocrx_word'/>
</head>
<body>
  <div class='ocr_page' id='page_1' title='image "./epistularumlibr00plingoog_0138.png"; bbox 0 0 2632 4096; ppageno 0'>
   <div class='ocr_carea' id='block_1_1' title="bbox 328 336 1088 402">
    <p class='ocr_par' dir='ltr' id='par_1_1' title="bbox 328 336 1088 402">
     <span class='ocr_line' id='line_1_1' title="bbox 328 336 1088 402; baseline 0 -3"><span class='ocrx_word' id='word_1_1' title='bbox 328 337 591 399; x_wconf 81' lang='lat' dir='ltr'><strong>EPISTULARUM</strong></span> <span class='ocrx_word' id='word_1_2' title='bbox 605 337 653 398; x_wconf 87' lang='lat' dir='ltr'><strong>vt.</strong></span> <span class='ocrx_word' id='word_1_3' title='bbox 676 347 703 401; x_wconf 83' lang='grc'><strong>3.</strong></span> <span class='ocrx_word' id='word_1_4' title='bbox 718 346 745 400; x_wconf 76' lang='lat' dir='ltr'><strong>d·</strong></span> <span class='ocrx_word' id='word_1_5' title='bbox 757 347 812 402; x_wconf 82' lang='lat'><strong>5·6</strong></span> <span class='ocrx_word' id='word_1_6' title='bbox 1028 336 1088 400; x_wconf 96' lang='grc'><strong>111</strong></span> 
     </span>
    </p>
   </div>
   <div class='ocr_carea' id='block_1_2' title="bbox 56 489 1116 1910">
    <p class='ocr_par' dir='ltr' id='par_1_2' title="bbox 56 489 1116 1910">
     <span class='ocr_line' id='line_1_2' title="bbox 89 489 1089 571; baseline -0.001 -19"><span class='ocrx_word' id='word_1_7' title='bbox 89 510 151 571; x_wconf 78' lang='lat' dir='ltr'><strong>pem</strong></span> <span class='ocrx_word' id='word_1_8' title='bbox 170 491 244 551; x_wconf 91' lang='lat' dir='ltr'><strong>adici</strong></span> <span class='ocrx_word' id='word_1_9' title='bbox 261 499 307 567; x_wconf 84' lang='lat' dir='ltr'><strong>ut,</strong></span> <span class='ocrx_word' id='word_1_10' title='bbox 336 492 410 551; x_wconf 92' lang='lat' dir='ltr'><strong>sicut</strong></span> <span class='ocrx_word' id='word_1_11' title='bbox 427 492 641 552; x_wconf 86' lang='lat' dir='ltr'><strong>accusatoribus</strong></span> <span class='ocrx_word' id='word_1_12' title='bbox 661 489 820 569; x_wconf 91' lang='lat' dir='ltr'><strong>inquirendi</strong></span> <span class='ocrx_word' id='word_1_13' title='bbox 839 490 1019 568; x_wconf 73' lang='lat' dir='ltr'>testibusque</span> <span class='ocrx_word' id='word_1_14' title='bbox 1040 491 1089 551; x_wconf 94' lang='lat' dir='ltr'><strong>de·</strong></span> 
     </span>
     <span class='ocr_line' id='line_1_3' title="bbox 89 573 1089 654; baseline -0.004 -18"><span class='ocrx_word' id='word_1_15' title='bbox 89 574 226 637; x_wconf 89' lang='lat' dir='ltr'><strong>nuntiandi</strong></span> <span class='ocrx_word' id='word_1_16' title='bbox 247 583 377 654; x_wconf 89' lang='lat' dir='ltr'><strong>potestas</strong></span> <span class='ocrx_word' id='word_1_17' title='bbox 398 592 435 634; x_wconf 90' lang='lat' dir='ltr'><strong>ex</strong></span> <span class='ocrx_word' id='word_1_18' title='bbox 456 593 490 635; x_wconf 91' lang='lat' dir='ltr'><strong>ea</strong></span> <span class='ocrx_word' id='word_1_19' title='bbox 511 573 579 652; x_wconf 80' lang='lat' dir='ltr'><strong>lege</strong></span> <span class='ocrx_word' id='word_1_20' title='bbox 601 583 697 653; x_wconf 87' lang='lat' dir='ltr'><strong>esset,</strong></span> <span class='ocrx_word' id='word_1_21' title='bbox 724 575 761 633; x_wconf 90' lang='lat' dir='ltr'><strong>ita</strong></span> <span class='ocrx_word' id='word_1_22' title='bbox 780 574 838 633; x_wconf 90' lang='lat' dir='ltr'><strong>reis</strong></span> <span class='ocrx_word' id='word_1_23' title='bbox 860 590 975 652; x_wconf 87' lang='lat' dir='ltr'><strong>quoque</strong></span> <span class='ocrx_word' id='word_1_24' title='bbox 998 574 1089 635; x_wconf 84' lang='lat' dir='ltr'><strong>deret.</strong></span> 
     </span>
     <span class='ocr_line' id='line_1_4' title="bbox 89 657 1115 735; baseline 0.002 -14"><span class='ocrx_word' id='word_1_25' title='bbox 89 659 209 721; x_wconf 77' lang='lat' dir='ltr'><strong>llucmnt</strong></span> <span class='ocrx_word' id='word_1_26' title='bbox 231 658 333 735; x_wconf 92' lang='lat' dir='ltr'><strong>quibus</strong></span> <span class='ocrx_word' id='word_1_27' title='bbox 354 657 427 719; x_wconf 88' lang='lat' dir='ltr'><strong>haec</strong></span> <span class='ocrx_word' id='word_1_28' title='bbox 454 659 516 718; x_wconf 90' lang='lat' dir='ltr'><strong>eius</strong></span> <span class='ocrx_word' id='word_1_29' title='bbox 537 659 627 718; x_wconf 91' lang='lat' dir='ltr'><strong>oratio</strong></span> <span class='ocrx_word' id='word_1_30' title='bbox 647 667 678 718; x_wconf 90' lang='lat' dir='ltr'><strong>ut</strong></span> <span class='ocrx_word' id='word_1_31' title='bbox 700 675 765 719; x_wconf 90' lang='lat' dir='ltr'><strong>sera</strong></span> <span class='ocrx_word' id='word_1_32' title='bbox 788 667 816 718; x_wconf 92' lang='lat' dir='ltr'><strong>et</strong></span> <span class='ocrx_word' id='word_1_33' title='bbox 837 658 1038 735; x_wconf 88' lang='lat' dir='ltr'><strong>intempestiva</strong></span> <span class='ocrx_word' id='word_1_34' title='bbox 1058 668 1115 723; x_wconf 71' lang='lat' dir='ltr'><strong>eta</strong></span> 
     </span>
     <span class='ocr_line' id='line_1_5' title="bbox 90 739 1088 823; baseline -0.001 -21"><span class='ocrx_word' id='word_1_35' title='bbox 90 751 272 823; x_wconf 89' lang='lat' dir='ltr'><strong>praepostera</strong></span> <span class='ocrx_word' id='word_1_36' title='bbox 289 740 473 821; x_wconf 78' lang='lat' dir='ltr'><strong>displiceret,</strong></span> <span class='ocrx_word' id='word_1_37' title='bbox 496 760 569 821; x_wconf 89' lang='lat' dir='ltr'><strong>quae</strong></span> <span class='ocrx_word' id='word_1_38' title='bbox 590 743 696 801; x_wconf 88' lang='lat' dir='ltr'><strong>omisso</strong></span> <span class='ocrx_word' id='word_1_39' title='bbox 717 750 815 802; x_wconf 87' lang='lat' dir='ltr'><strong>contra</strong></span> <span class='ocrx_word' id='word_1_40' title='bbox 830 739 942 801; x_wconf 91' lang='lat' dir='ltr'><strong>dicendi</strong></span> <span class='ocrx_word' id='word_1_41' title='bbox 957 751 1088 819; x_wconf 88' lang='lat' dir='ltr'><strong>tempore</strong></span> 
     </span>
     <span class='ocr_line' id='line_1_6' title="bbox 67 823 1116 904; baseline -0.004 -17"><span class='ocrx_word' id='word_1_42' title='bbox 67 828 237 904; x_wconf 77' lang='lat' dir='ltr'><strong>scastigaret</strong></span> <span class='ocrx_word' id='word_1_43' title='bbox 253 835 400 904; x_wconf 87' lang='lat' dir='ltr'><strong>peractum</strong></span> <span class='ocrx_word' id='word_1_44' title='bbox 412 827 458 884; x_wconf 92' lang='lat' dir='ltr'><strong>cui</strong></span> <span class='ocrx_word' id='word_1_45' title='bbox 473 827 615 904; x_wconf 86' lang='lat' dir='ltr'><strong>potuisset</strong></span> <span class='ocrx_word' id='word_1_46' title='bbox 631 842 794 886; x_wconf 84' lang='lat' dir='ltr'><strong>occurrere.</strong></span> <span class='ocrx_word' id='word_1_47' title='bbox 814 823 959 886; x_wconf 86' lang='lat' dir='ltr'><strong>luventius</strong></span> <span class='ocrx_word' id='word_1_48' title='bbox 975 824 1116 904; x_wconf 64' lang='lat' dir='ltr'><strong>quideme</strong></span> 
     </span>
     <span class='ocr_line' id='line_1_7' title="bbox 90 908 1088 988; baseline -0.002 -18"><span class='ocrx_word' id='word_1_49' title='bbox 90 909 188 971; x_wconf 77' lang='lat' dir='ltr'><strong>Celsus</strong></span> <span class='ocrx_word' id='word_1_50' title='bbox 204 918 320 987; x_wconf 92' lang='lat' dir='ltr'><strong>praetor</strong></span> <span class='ocrx_word' id='word_1_51' title='bbox 339 918 477 988; x_wconf 79' lang='lat' dir='ltr'><strong>tamquam</strong></span> <span class='ocrx_word' id='word_1_52' title='bbox 493 909 703 969; x_wconf 78' lang='lat' dir='ltr'><strong>emendatorem</strong></span> <span class='ocrx_word' id='word_1_53' title='bbox 719 918 834 970; x_wconf 89' lang='lat' dir='ltr'><strong>senatus</strong></span> <span class='ocrx_word' id='word_1_54' title='bbox 850 919 879 969; x_wconf 94' lang='lat' dir='ltr'><strong>et</strong></span> <span class='ocrx_word' id='word_1_55' title='bbox 893 908 988 968; x_wconf 89' lang='lat' dir='ltr'><strong>multis</strong></span> <span class='ocrx_word' id='word_1_56' title='bbox 999 918 1088 970; x_wconf 87' lang='lat' dir='ltr'><strong>etve-</strong></span> 
     </span>
     <span class='ocr_line' id='line_1_8' title="bbox 88 990 1087 1073; baseline -0.002 -19"><span class='ocrx_word' id='word_1_57' title='bbox 88 995 233 1073; x_wconf 88' lang='lat' dir='ltr'><strong>bementer</strong></span> <span class='ocrx_word' id='word_1_58' title='bbox 247 994 398 1071; x_wconf 77' lang='lat' dir='ltr'><strong>increpuit.</strong></span> <span class='ocrx_word' id='word_1_59' title='bbox 420 992 580 1071; x_wconf 79' lang='lat' dir='ltr'><strong>Respondit</strong></span> <span class='ocrx_word' id='word_1_60' title='bbox 590 990 701 1071; x_wconf 90' lang='lat' dir='ltr'><strong>Nepos,</strong></span> <span class='ocrx_word' id='word_1_61' title='bbox 716 1011 872 1070; x_wconf 81' lang='lat' dir='ltr'><strong>rursusque</strong></span> <span class='ocrx_word' id='word_1_62' title='bbox 883 990 1002 1053; x_wconf 77' lang='lat' dir='ltr'><strong>Celsus:</strong></span> <span class='ocrx_word' id='word_1_63' title='bbox 1018 1012 1087 1054; x_wconf 92' lang='lat' dir='ltr'><strong>neu·</strong></span> 
     </span>
     <span class='ocr_line' id='line_1_9' title="bbox 89 1074 1116 1157; baseline 0.006 -21"><span class='ocrx_word' id='word_1_64' title='bbox 89 1087 129 1137; x_wconf 92' lang='lat' dir='ltr'><strong>ter</strong></span> <span class='ocrx_word' id='word_1_65' title='bbox 148 1075 327 1137; x_wconf 91' lang='lat' dir='ltr'><strong>contumeliis</strong></span> <span class='ocrx_word' id='word_1_66' title='bbox 347 1079 526 1154; x_wconf 86' lang='lat' dir='ltr'><strong>temperavit.</strong></span> <span class='ocrx_word' id='word_1_67' title='bbox 561 1074 637 1136; x_wconf 93' lang='lat' dir='ltr'><strong>Nolo</strong></span> <span class='ocrx_word' id='word_1_68' title='bbox 657 1076 767 1136; x_wconf 84' lang='lat' dir='ltr'><strong>referre</strong></span> <span class='ocrx_word' id='word_1_69' title='bbox 787 1094 860 1156; x_wconf 88' lang='lat' dir='ltr'><strong>quae</strong></span> <span class='ocrx_word' id='word_1_70' title='bbox 883 1076 938 1136; x_wconf 92' lang='lat' dir='ltr'><strong>dici</strong></span> <span class='ocrx_word' id='word_1_71' title='bbox 959 1077 995 1137; x_wconf 93' lang='lat' dir='ltr'><strong>ab</strong></span> <span class='ocrx_word' id='word_1_72' title='bbox 1017 1079 1116 1157; x_wconf 84' lang='lat' dir='ltr'><strong>ipsis5</strong></span> 
     </span>
     <span class='ocr_line' id='line_1_10' title="bbox 89 1159 1088 1239; baseline 0.001 -19"><span class='ocrx_word' id='word_1_73' title='bbox 89 1161 206 1223; x_wconf 86' lang='lat' dir='ltr'><strong>moleste</strong></span> <span class='ocrx_word' id='word_1_74' title='bbox 225 1159 292 1220; x_wconf 87' lang='lat' dir='ltr'><strong>tuli:</strong></span> <span class='ocrx_word' id='word_1_75' title='bbox 313 1177 369 1239; x_wconf 92' lang='lat' dir='ltr'><strong>quo</strong></span> <span class='ocrx_word' id='word_1_76' title='bbox 389 1162 479 1239; x_wconf 78' lang='lat' dir='ltr'><strong>magis</strong></span> <span class='ocrx_word' id='word_1_77' title='bbox 495 1159 631 1239; x_wconf 89' lang='lat' dir='ltr'><strong>quosdam</strong></span> <span class='ocrx_word' id='word_1_78' title='bbox 647 1179 664 1219; x_wconf 92' lang='lat' dir='ltr'><strong>e</strong></span> <span class='ocrx_word' id='word_1_79' title='bbox 682 1176 799 1220; x_wconf 91' lang='lat' dir='ltr'><strong>numero</strong></span> <span class='ocrx_word' id='word_1_80' title='bbox 815 1169 913 1220; x_wconf 90' lang='lat' dir='ltr'><strong>nostro</strong></span> <span class='ocrx_word' id='word_1_81' title='bbox 928 1160 1088 1239; x_wconf 82' lang='lat' dir='ltr'><strong>inprobari,</strong></span> 
     </span>
     <span class='ocr_line' id='line_1_11' title="bbox 56 1241 1087 1324; baseline 0.002 -22"><span class='ocrx_word' id='word_1_82' title='bbox 56 1247 133 1324; x_wconf 86' lang='lat' dir='ltr'><strong>toqui</strong></span> <span class='ocrx_word' id='word_1_83' title='bbox 146 1244 230 1305; x_wconf 94' lang='lat' dir='ltr'><strong>modo</strong></span> <span class='ocrx_word' id='word_1_84' title='bbox 249 1243 283 1303; x_wconf 88' lang='lat' dir='ltr'><strong>ad</strong></span> <span class='ocrx_word' id='word_1_85' title='bbox 300 1241 416 1304; x_wconf 83' lang='lat' dir='ltr'><strong>(lelsum</strong></span> <span class='ocrx_word' id='word_1_86' title='bbox 430 1244 515 1304; x_wconf 94' lang='lat' dir='ltr'><strong>modo</strong></span> <span class='ocrx_word' id='word_1_87' title='bbox 530 1243 564 1304; x_wconf 91' lang='lat' dir='ltr'><strong>ad</strong></span> <span class='ocrx_word' id='word_1_88' title='bbox 579 1242 739 1322; x_wconf 87' lang='lat' dir='ltr'><strong>Nepotem,</strong></span> <span class='ocrx_word' id='word_1_89' title='bbox 757 1252 841 1322; x_wconf 88' lang='lat' dir='ltr'><strong>prout</strong></span> <span class='ocrx_word' id='word_1_90' title='bbox 858 1244 905 1303; x_wconf 90' lang='lat' dir='ltr'><strong>hic</strong></span> <span class='ocrx_word' id='word_1_91' title='bbox 920 1242 967 1303; x_wconf 87' lang='lat' dir='ltr'><strong>vel</strong></span> <span class='ocrx_word' id='word_1_92' title='bbox 983 1243 1033 1304; x_wconf 87' lang='lat' dir='ltr'><strong>ille</strong></span> <span class='ocrx_word' id='word_1_93' title='bbox 1049 1245 1087 1304; x_wconf 90' lang='lat' dir='ltr'><strong>di·</strong></span> 
     </span>
     <span class='ocr_line' id='line_1_12' title="bbox 92 1326 1089 1408; baseline 0 -20"><span class='ocrx_word' id='word_1_94' title='bbox 92 1338 181 1408; x_wconf 89' lang='lat' dir='ltr'><strong>cerct,</strong></span> <span class='ocrx_word' id='word_1_95' title='bbox 197 1326 352 1407; x_wconf 88' lang='lat' dir='ltr'><strong>cupiditate</strong></span> <span class='ocrx_word' id='word_1_96' title='bbox 369 1327 499 1388; x_wconf 90' lang='lat' dir='ltr'><strong>audiendi</strong></span> <span class='ocrx_word' id='word_1_97' title='bbox 514 1328 701 1406; x_wconf 75' lang='lat' dir='ltr'><strong>cursitabant,</strong></span> <span class='ocrx_word' id='word_1_98' title='bbox 723 1337 752 1388; x_wconf 91' lang='lat' dir='ltr'><strong>et</strong></span> <span class='ocrx_word' id='word_1_99' title='bbox 774 1345 848 1386; x_wconf 91' lang='lat' dir='ltr'><strong>nunc</strong></span> <span class='ocrx_word' id='word_1_100' title='bbox 866 1328 945 1406; x_wconf 90' lang='lat' dir='ltr'><strong>quasi</strong></span> <span class='ocrx_word' id='word_1_101' title='bbox 966 1327 1089 1388; x_wconf 88' lang='lat' dir='ltr'><strong>stimula·</strong></span> 
     </span>
     <span class='ocr_line' id='line_1_13' title="bbox 91 1411 1089 1491; baseline -0.002 -18"><span class='ocrx_word' id='word_1_102' title='bbox 91 1422 148 1474; x_wconf 90' lang='lat' dir='ltr'><strong>rent</strong></span> <span class='ocrx_word' id='word_1_103' title='bbox 161 1422 191 1473; x_wconf 88' lang='lat' dir='ltr'><strong>et</strong></span> <span class='ocrx_word' id='word_1_104' title='bbox 205 1411 416 1490; x_wconf 87' lang='lat' dir='ltr'><strong>accenderent,</strong></span> <span class='ocrx_word' id='word_1_105' title='bbox 438 1429 512 1472; x_wconf 92' lang='lat' dir='ltr'><strong>nunc</strong></span> <span class='ocrx_word' id='word_1_106' title='bbox 526 1414 606 1491; x_wconf 90' lang='lat' dir='ltr'><strong>quasi</strong></span> <span class='ocrx_word' id='word_1_107' title='bbox 620 1411 841 1472; x_wconf 85' lang='lat' dir='ltr'><strong>reconciliarent</strong></span> <span class='ocrx_word' id='word_1_108' title='bbox 855 1429 889 1472; x_wconf 88' lang='lat' dir='ltr'><strong>ac</strong></span> <span class='ocrx_word' id='word_1_109' title='bbox 899 1426 1089 1489; x_wconf 90' lang='lat' dir='ltr'><strong>recompone-</strong></span> 
     </span>
     <span class='ocr_line' id='line_1_14' title="bbox 91 1493 1088 1575; baseline -0.001 -20"><span class='ocrx_word' id='word_1_110' title='bbox 91 1507 165 1575; x_wconf 89' lang='lat' dir='ltr'><strong>rent,</strong></span> <span class='ocrx_word' id='word_1_111' title='bbox 186 1497 364 1575; x_wconf 83' lang='lat' dir='ltr'><strong>frequentius</strong></span> <span class='ocrx_word' id='word_1_112' title='bbox 380 1495 515 1574; x_wconf 77' lang='lat' dir='ltr'><strong>singulis,</strong></span> <span class='ocrx_word' id='word_1_113' title='bbox 530 1495 668 1556; x_wconf 89' lang='lat' dir='ltr'><strong>ambobus</strong></span> <span class='ocrx_word' id='word_1_114' title='bbox 686 1494 825 1556; x_wconf 89' lang='lat' dir='ltr'><strong>interdum</strong></span> <span class='ocrx_word' id='word_1_115' title='bbox 843 1497 995 1575; x_wconf 93' lang='lat' dir='ltr'><strong>propitium</strong></span> <span class='ocrx_word' id='word_1_116' title='bbox 1017 1493 1088 1556; x_wconf 81' lang='lat' dir='ltr'><strong>(lac-</strong></span> 
     </span>
     <span class='ocr_line' id='line_1_15' title="bbox 93 1577 1115 1658; baseline 0.003 -17"><span class='ocrx_word' id='word_1_117' title='bbox 93 1597 192 1658; x_wconf 79' lang='lat' dir='ltr'><strong>tarem,</strong></span> <span class='ocrx_word' id='word_1_118' title='bbox 213 1588 247 1640; x_wconf 90' lang='lat' dir='ltr'><strong>ut</strong></span> <span class='ocrx_word' id='word_1_119' title='bbox 267 1581 295 1638; x_wconf 92' lang='lat' dir='ltr'><strong>in</strong></span> <span class='ocrx_word' id='word_1_120' title='bbox 314 1579 424 1640; x_wconf 93' lang='lat' dir='ltr'><strong>ludicro</strong></span> <span class='ocrx_word' id='word_1_121' title='bbox 446 1579 558 1657; x_wconf 86' lang='lat' dir='ltr'><strong>aliquo,</strong></span> <span class='ocrx_word' id='word_1_122' title='bbox 580 1580 776 1658; x_wconf 87' lang='lat' dir='ltr'><strong>precabantur.</strong></span> <span class='ocrx_word' id='word_1_123' title='bbox 805 1577 873 1639; x_wconf 84' lang='lat' dir='ltr'><strong>lllilui</strong></span> <span class='ocrx_word' id='word_1_124' title='bbox 891 1579 1004 1658; x_wconf 91' lang='lat' dir='ltr'><strong>quidem</strong></span> <span class='ocrx_word' id='word_1_125' title='bbox 1021 1578 1115 1644; x_wconf 84' lang='lat' dir='ltr'><strong>illudo</strong></span> 
     </span>
     <span class='ocr_line' id='line_1_16' title="bbox 58 1662 1088 1744; baseline -0.004 -18"><span class='ocrx_word' id='word_1_126' title='bbox 58 1675 85 1726; x_wconf 86' lang='lat'><strong>15</strong></span> <span class='ocrx_word' id='word_1_127' title='bbox 94 1666 169 1724; x_wconf 89' lang='lat' dir='ltr'><strong>etiam</strong></span> <span class='ocrx_word' id='word_1_128' title='bbox 188 1665 376 1744; x_wconf 89' lang='lat' dir='ltr'><strong>peracerbum</strong></span> <span class='ocrx_word' id='word_1_129' title='bbox 393 1664 445 1724; x_wconf 84' lang='lat' dir='ltr'><strong>fuit</strong></span> <span class='ocrx_word' id='word_1_130' title='bbox 458 1662 534 1742; x_wconf 96' lang='lat' dir='ltr'><strong>quod</strong></span> <span class='ocrx_word' id='word_1_131' title='bbox 554 1673 618 1723; x_wconf 89' lang='lat' dir='ltr'><strong>sunt</strong></span> <span class='ocrx_word' id='word_1_132' title='bbox 631 1663 705 1724; x_wconf 87' lang='lat' dir='ltr'><strong>alter</strong></span> <span class='ocrx_word' id='word_1_133' title='bbox 721 1663 801 1724; x_wconf 88' lang='lat' dir='ltr'><strong>alteri</strong></span> <span class='ocrx_word' id='word_1_134' title='bbox 818 1662 884 1742; x_wconf 95' lang='lat' dir='ltr'><strong>quid</strong></span> <span class='ocrx_word' id='word_1_135' title='bbox 900 1673 1031 1742; x_wconf 89' lang='lat' dir='ltr'><strong>pararent</strong></span> <span class='ocrx_word' id='word_1_136' title='bbox 1048 1664 1088 1721; x_wconf 89' lang='lat' dir='ltr'><strong>in·</strong></span> 
     </span>
     <span class='ocr_line' id='line_1_17' title="bbox 92 1744 1088 1825; baseline -0.001 -19"><span class='ocrx_word' id='word_1_137' title='bbox 92 1746 178 1808; x_wconf 89' lang='lat' dir='ltr'><strong>dicati.</strong></span> <span class='ocrx_word' id='word_1_138' title='bbox 211 1746 284 1808; x_wconf 91' lang='lat' dir='ltr'><strong>Nam</strong></span> <span class='ocrx_word' id='word_1_139' title='bbox 302 1757 332 1809; x_wconf 87' lang='lat' dir='ltr'><strong>et</strong></span> <span class='ocrx_word' id='word_1_140' title='bbox 349 1745 453 1809; x_wconf 80' lang='lat' dir='ltr'><strong>(lelsus</strong></span> <span class='ocrx_word' id='word_1_141' title='bbox 475 1746 581 1824; x_wconf 88' lang='lat' dir='ltr'><strong>Nepoti</strong></span> <span class='ocrx_word' id='word_1_142' title='bbox 602 1765 638 1806; x_wconf 91' lang='lat' dir='ltr'><strong>ex</strong></span> <span class='ocrx_word' id='word_1_143' title='bbox 657 1746 757 1808; x_wconf 93' lang='lat' dir='ltr'><strong>libello</strong></span> <span class='ocrx_word' id='word_1_144' title='bbox 777 1745 925 1825; x_wconf 90' lang='lat' dir='ltr'><strong>respondit</strong></span> <span class='ocrx_word' id='word_1_145' title='bbox 946 1756 975 1807; x_wconf 87' lang='lat' dir='ltr'><strong>et</strong></span> <span class='ocrx_word' id='word_1_146' title='bbox 1000 1744 1088 1808; x_wconf 84' lang='lat' dir='ltr'><strong>(lelso</strong></span> 
     </span>
     <span class='ocr_line' id='line_1_18' title="bbox 92 1829 1114 1910; baseline 0.002 -21"><span class='ocrx_word' id='word_1_147' title='bbox 92 1829 185 1910; x_wconf 88' lang='lat' dir='ltr'><strong>Nepos</strong></span> <span class='ocrx_word' id='word_1_148' title='bbox 205 1850 246 1892; x_wconf 91' lang='lat' dir='ltr'><strong>ex</strong></span> <span class='ocrx_word' id='word_1_149' title='bbox 265 1830 462 1910; x_wconf 82' lang='lat' dir='ltr'><strong>pugillaribus.</strong></span> <span class='ocrx_word' id='word_1_150' title='bbox 495 1829 581 1890; x_wconf 87' lang='lat' dir='ltr'><strong>Tanta</strong></span> <span class='ocrx_word' id='word_1_151' title='bbox 598 1831 755 1910; x_wconf 87' lang='lat' dir='ltr'><strong>loquacitas</strong></span> <span class='ocrx_word' id='word_1_152' title='bbox 777 1831 929 1891; x_wconf 87' lang='lat' dir='ltr'><strong>amicorum</strong></span> <span class='ocrx_word' id='word_1_153' title='bbox 950 1840 980 1891; x_wconf 90' lang='lat' dir='ltr'><strong>ut</strong></span> <span class='ocrx_word' id='word_1_154' title='bbox 1002 1830 1114 1891; x_wconf 83' lang='lat' dir='ltr'><strong>homi-7</strong></span> 
     </span>
    </p>
   </div>
   <div class='ocr_carea' id='block_1_3' title="bbox 92 1914 1088 1994">
    <p class='ocr_par' dir='ltr' id='par_1_3' title="bbox 92 1914 1088 1994">
     <span class='ocr_line' id='line_1_19' title="bbox 92 1914 1088 1994; baseline -0.002 -20"><span class='ocrx_word' id='word_1_155' title='bbox 92 1933 140 1975; x_wconf 89' lang='lat' dir='ltr'><strong>nes</strong></span> <span class='ocrx_word' id='word_1_156' title='bbox 155 1916 290 1993; x_wconf 83' lang='lat' dir='ltr'><strong>iurgaturi</strong></span> <span class='ocrx_word' id='word_1_157' title='bbox 307 1914 335 1974; x_wconf 94' lang='lat' dir='ltr'><strong>id</strong></span> <span class='ocrx_word' id='word_1_158' title='bbox 349 1917 441 1994; x_wconf 93' lang='lat' dir='ltr'><strong>ipsum</strong></span> <span class='ocrx_word' id='word_1_159' title='bbox 456 1917 577 1975; x_wconf 86' lang='lat' dir='ltr'><strong>inuicem</strong></span> <span class='ocrx_word' id='word_1_160' title='bbox 593 1917 725 1992; x_wconf 86' lang='lat' dir='ltr'><strong>scierint,</strong></span> <span class='ocrx_word' id='word_1_161' title='bbox 742 1924 881 1992; x_wconf 86' lang='lat' dir='ltr'><strong>tamquam</strong></span> <span class='ocrx_word' id='word_1_162' title='bbox 897 1915 1088 1975; x_wconf 84' lang='lat' dir='ltr'><strong>convenisset.</strong></span> 
     </span>
    </p>
   </div>
   <div class='ocr_carea' id='block_1_4' title="bbox 92 1997 167 2059">
    <p class='ocr_par' dir='ltr' id='par_1_4' title="bbox 92 1997 167 2059">
     <span class='ocr_line' id='line_1_20' title="bbox 92 1997 167 2059; baseline 0.053 -4"><span class='ocrx_word' id='word_1_163' title='bbox 92 1997 167 2059; x_wconf 87' lang='lat' dir='ltr'><strong>Vale.</strong></span> 
     </span>
    </p>
   </div>
   <div class='ocr_carea' id='block_1_5' title="bbox 58 2085 601 2194">
    <p class='ocr_par' dir='ltr' id='par_1_5' title="bbox 58 2085 601 2194">
     <span class='ocr_line' id='line_1_21' title="bbox 58 2085 601 2194; baseline 0 0"><span class='ocrx_word' id='word_1_164' title='bbox 58 2085 86 2138; x_wconf 73' lang='lat'><strong>²⁰</strong></span> <span class='ocrx_word' id='word_1_165' title='bbox 561 2131 601 2194; x_wconf 88' lang='lat' dir='ltr'><strong>vr</strong></span> 
     </span>
    </p>
   </div>
   <div class='ocr_carea' id='block_1_6' title="bbox 357 2231 819 2286">
    <p class='ocr_par' dir='ltr' id='par_1_6' title="bbox 357 2231 819 2286">
     <span class='ocr_line' id='line_1_22' title="bbox 357 2231 819 2286; baseline 0.002 -3"><span class='ocrx_word' id='word_1_166' title='bbox 357 2231 383 2283; x_wconf 83' lang='lat'><strong>0.</strong></span> <span class='ocrx_word' id='word_1_167' title='bbox 403 2231 529 2285; x_wconf 86' lang='lat' dir='ltr'><strong>PLINIUS</strong></span> <span class='ocrx_word' id='word_1_168' title='bbox 544 2231 695 2286; x_wconf 80' lang='lat' dir='ltr'><strong>FUNDANO</strong></span> <span class='ocrx_word' id='word_1_169' title='bbox 714 2232 774 2284; x_wconf 88' lang='lat' dir='ltr'><strong>SUO</strong></span> <span class='ocrx_word' id='word_1_170' title='bbox 792 2232 819 2284; x_wconf 85' lang='lat' dir='ltr'><strong>S.</strong></span> 
     </span>
    </p>
   </div>
   <div class='ocr_carea' id='block_1_7' title="bbox 59 2333 1117 3674">
    <p class='ocr_par' dir='ltr' id='par_1_7' title="bbox 59 2333 1117 3674">
     <span class='ocr_line' id='line_1_23' title="bbox 150 2333 1111 2415; baseline 0.001 -21"><span class='ocrx_word' id='word_1_171' title='bbox 150 2333 315 2414; x_wconf 88' lang='lat' dir='ltr'><strong>Siquando,</strong></span> <span class='ocrx_word' id='word_1_172' title='bbox 331 2352 406 2394; x_wconf 92' lang='lat' dir='ltr'><strong>nunc</strong></span> <span class='ocrx_word' id='word_1_173' title='bbox 421 2336 576 2414; x_wconf 88' lang='lat' dir='ltr'><strong>praecipue</strong></span> <span class='ocrx_word' id='word_1_174' title='bbox 593 2353 729 2415; x_wconf 90' lang='lat' dir='ltr'><strong>cuperem</strong></span> <span class='ocrx_word' id='word_1_175' title='bbox 744 2353 811 2395; x_wconf 89' lang='lat' dir='ltr'><strong>esse</strong></span> <span class='ocrx_word' id='word_1_176' title='bbox 826 2344 856 2395; x_wconf 88' lang='lat' dir='ltr'><strong>te</strong></span> <span class='ocrx_word' id='word_1_177' title='bbox 872 2333 990 2409; x_wconf 82' lang='lat' dir='ltr'><strong>Romae,</strong></span> <span class='ocrx_word' id='word_1_178' title='bbox 1006 2340 1036 2393; x_wconf 91' lang='lat' dir='ltr'><strong>et</strong></span> <span class='ocrx_word' id='word_1_179' title='bbox 1049 2333 1111 2414; x_wconf 80' lang='lat' dir='ltr'><strong>sisi</strong></span> 
     </span>
     <span class='ocr_line' id='line_1_24' title="bbox 94 2415 1089 2497; baseline -0.005 -18"><span class='ocrx_word' id='word_1_180' title='bbox 94 2435 170 2496; x_wconf 70' lang='lat' dir='ltr'><strong>rogo.</strong></span> <span class='ocrx_word' id='word_1_181' title='bbox 192 2419 274 2497; x_wconf 90' lang='lat' dir='ltr'><strong>Opus</strong></span> <span class='ocrx_word' id='word_1_182' title='bbox 288 2425 333 2478; x_wconf 89' lang='lat' dir='ltr'><strong>est</strong></span> <span class='ocrx_word' id='word_1_183' title='bbox 347 2417 413 2477; x_wconf 89' lang='lat' dir='ltr'><strong>mibi</strong></span> <span class='ocrx_word' id='word_1_184' title='bbox 424 2421 484 2478; x_wconf 87' lang='lat' dir='ltr'><strong>voti</strong></span> <span class='ocrx_word' id='word_1_185' title='bbox 497 2417 602 2480; x_wconf 90' lang='lat' dir='ltr'><strong>laboris</strong></span> <span class='ocrx_word' id='word_1_186' title='bbox 617 2419 817 2480; x_wconf 88' lang='lat' dir='ltr'><strong>sollicitudinis</strong></span> <span class='ocrx_word' id='word_1_187' title='bbox 831 2419 923 2478; x_wconf 92' lang='lat' dir='ltr'><strong>socio.</strong></span> <span class='ocrx_word' id='word_1_188' title='bbox 952 2415 1025 2476; x_wconf 87' lang='lat' dir='ltr'><strong>Petit</strong></span> <span class='ocrx_word' id='word_1_189' title='bbox 1039 2415 1089 2474; x_wconf 91' lang='lat' dir='ltr'><strong>ho·</strong></span> 
     </span>
     <span class='ocr_line' id='line_1_25' title="bbox 59 2497 1089 2581; baseline -0.002 -20"><span class='ocrx_word' id='word_1_190' title='bbox 59 2507 172 2562; x_wconf 79' lang='lat' dir='ltr'><strong>ttnores</strong></span> <span class='ocrx_word' id='word_1_191' title='bbox 186 2501 277 2563; x_wconf 70' lang='lat' dir='ltr'><strong>lulius</strong></span> <span class='ocrx_word' id='word_1_192' title='bbox 289 2500 384 2579; x_wconf 92' lang='lat' dir='ltr'><strong>Naso,</strong></span> <span class='ocrx_word' id='word_1_193' title='bbox 407 2503 479 2581; x_wconf 90' lang='lat' dir='ltr'><strong>petit</strong></span> <span class='ocrx_word' id='word_1_194' title='bbox 494 2521 558 2563; x_wconf 90' lang='lat' dir='ltr'><strong>cum</strong></span> <span class='ocrx_word' id='word_1_195' title='bbox 572 2503 683 2581; x_wconf 89' lang='lat' dir='ltr'><strong>mrultis,</strong></span> <span class='ocrx_word' id='word_1_196' title='bbox 700 2521 763 2562; x_wconf 92' lang='lat' dir='ltr'><strong>cum</strong></span> <span class='ocrx_word' id='word_1_197' title='bbox 780 2503 878 2580; x_wconf 92' lang='lat' dir='ltr'><strong>bonis,</strong></span> <span class='ocrx_word' id='word_1_198' title='bbox 894 2517 968 2579; x_wconf 89' lang='lat' dir='ltr'><strong>quos</strong></span> <span class='ocrx_word' id='word_1_199' title='bbox 982 2507 1013 2558; x_wconf 97' lang='lat' dir='ltr'><strong>ut</strong></span> <span class='ocrx_word' id='word_1_200' title='bbox 1027 2497 1089 2577; x_wconf 81' lang='lat' dir='ltr'><strong>glo·</strong></span> 
     </span>
     <span class='ocr_line' id='line_1_26' title="bbox 94 2585 1116 2665; baseline 0 -21"><span class='ocrx_word' id='word_1_201' title='bbox 94 2586 192 2646; x_wconf 87' lang='lat' dir='ltr'><strong>riosum</strong></span> <span class='ocrx_word' id='word_1_202' title='bbox 214 2587 259 2646; x_wconf 89' lang='lat' dir='ltr'><strong>sic</strong></span> <span class='ocrx_word' id='word_1_203' title='bbox 280 2595 325 2646; x_wconf 86' lang='lat' dir='ltr'><strong>est</strong></span> <span class='ocrx_word' id='word_1_204' title='bbox 345 2585 461 2646; x_wconf 86' lang='lat' dir='ltr'><strong>difficile</strong></span> <span class='ocrx_word' id='word_1_205' title='bbox 483 2604 631 2665; x_wconf 87' lang='lat' dir='ltr'><strong>superare.</strong></span> <span class='ocrx_word' id='word_1_206' title='bbox 664 2586 778 2646; x_wconf 87' lang='lat' dir='ltr'><strong>Pendeo</strong></span> <span class='ocrx_word' id='word_1_207' title='bbox 803 2601 873 2663; x_wconf 85' lang='lat' dir='ltr'><strong>ergo</strong></span> <span class='ocrx_word' id='word_1_208' title='bbox 899 2593 928 2645; x_wconf 92' lang='lat' dir='ltr'><strong>et</strong></span> <span class='ocrx_word' id='word_1_209' title='bbox 951 2593 1116 2644; x_wconf 73' lang='lat' dir='ltr'><strong>exerceoru</strong></span> 
     </span>
     <span class='ocr_line' id='line_1_27' title="bbox 96 2669 1090 2748; baseline 0 -22"><span class='ocrx_word' id='word_1_210' title='bbox 96 2686 160 2748; x_wconf 89' lang='lat' dir='ltr'><strong>spe,</strong></span> <span class='ocrx_word' id='word_1_211' title='bbox 185 2670 305 2730; x_wconf 86' lang='lat' dir='ltr'><strong>adlicior</strong></span> <span class='ocrx_word' id='word_1_212' title='bbox 324 2677 418 2747; x_wconf 89' lang='lat' dir='ltr'><strong>metu,</strong></span> <span class='ocrx_word' id='word_1_213' title='bbox 443 2678 471 2729; x_wconf 90' lang='lat' dir='ltr'><strong>et</strong></span> <span class='ocrx_word' id='word_1_214' title='bbox 487 2688 533 2730; x_wconf 91' lang='lat' dir='ltr'><strong>mc</strong></span> <span class='ocrx_word' id='word_1_215' title='bbox 549 2669 727 2730; x_wconf 89' lang='lat' dir='ltr'><strong>consularem</strong></span> <span class='ocrx_word' id='word_1_216' title='bbox 741 2686 808 2730; x_wconf 89' lang='lat' dir='ltr'><strong>esse</strong></span> <span class='ocrx_word' id='word_1_217' title='bbox 825 2685 882 2728; x_wconf 93' lang='lat' dir='ltr'><strong>non</strong></span> <span class='ocrx_word' id='word_1_218' title='bbox 898 2669 1006 2729; x_wconf 90' lang='lat' dir='ltr'><strong>sentio:</strong></span> <span class='ocrx_word' id='word_1_219' title='bbox 1027 2683 1090 2726; x_wconf 88' lang='lat' dir='ltr'><strong>nam</strong></span> 
     </span>
     <span class='ocr_line' id='line_1_28' title="bbox 96 2749 1116 2832; baseline 0.001 -21"><span class='ocrx_word' id='word_1_220' title='bbox 96 2769 186 2815; x_wconf 88' lang='lat' dir='ltr'><strong>rursus</strong></span> <span class='ocrx_word' id='word_1_221' title='bbox 198 2753 267 2814; x_wconf 91' lang='lat' dir='ltr'><strong>mihi</strong></span> <span class='ocrx_word' id='word_1_222' title='bbox 280 2752 382 2813; x_wconf 81' lang='lat' dir='ltr'><strong>videor</strong></span> <span class='ocrx_word' id='word_1_223' title='bbox 396 2755 516 2813; x_wconf 90' lang='lat' dir='ltr'><strong>omnium</strong></span> <span class='ocrx_word' id='word_1_224' title='bbox 531 2772 604 2832; x_wconf 89' lang='lat' dir='ltr'><strong>quae</strong></span> <span class='ocrx_word' id='word_1_225' title='bbox 621 2753 769 2815; x_wconf 92' lang='lat' dir='ltr'><strong>decucurri</strong></span> <span class='ocrx_word' id='word_1_226' title='bbox 791 2751 965 2813; x_wconf 90' lang='lat' dir='ltr'><strong>candidatus.</strong></span> <span class='ocrx_word' id='word_1_227' title='bbox 996 2749 1116 2812; x_wconf 81' lang='lat' dir='ltr'><strong>mere-s</strong></span> 
     </span>
     <span class='ocr_line' id='line_1_29' title="bbox 97 2835 1091 2916; baseline 0 -22"><span class='ocrx_word' id='word_1_228' title='bbox 97 2845 136 2896; x_wconf 90' lang='lat' dir='ltr'><strong>tur</strong></span> <span class='ocrx_word' id='word_1_229' title='bbox 148 2836 219 2899; x_wconf 90' lang='lat' dir='ltr'><strong>banc</strong></span> <span class='ocrx_word' id='word_1_230' title='bbox 237 2855 332 2897; x_wconf 90' lang='lat' dir='ltr'><strong>curam</strong></span> <span class='ocrx_word' id='word_1_231' title='bbox 345 2837 432 2916; x_wconf 71' lang='lat' dir='ltr'><strong>longa</strong></span> <span class='ocrx_word' id='word_1_232' title='bbox 445 2840 500 2898; x_wconf 91' lang='lat' dir='ltr'><strong>mei</strong></span> <span class='ocrx_word' id='word_1_233' title='bbox 517 2840 642 2899; x_wconf 91' lang='lat' dir='ltr'><strong>caritate.</strong></span> <span class='ocrx_word' id='word_1_234' title='bbox 664 2837 717 2900; x_wconf 83' lang='lat' dir='ltr'><strong>Est</strong></span> <span class='ocrx_word' id='word_1_235' title='bbox 731 2838 797 2897; x_wconf 90' lang='lat' dir='ltr'><strong>mihi</strong></span> <span class='ocrx_word' id='word_1_236' title='bbox 813 2855 876 2897; x_wconf 93' lang='lat' dir='ltr'><strong>cum</strong></span> <span class='ocrx_word' id='word_1_237' title='bbox 891 2835 942 2896; x_wconf 93' lang='lat' dir='ltr'><strong>illo</strong></span> <span class='ocrx_word' id='word_1_238' title='bbox 953 2854 1009 2896; x_wconf 93' lang='lat' dir='ltr'><strong>non</strong></span> <span class='ocrx_word' id='word_1_239' title='bbox 1021 2853 1091 2897; x_wconf 89' lang='lat' dir='ltr'><strong>sane</strong></span> 
     </span>
     <span class='ocr_line' id='line_1_30' title="bbox 64 2923 1090 3001; baseline -0.001 -21"><span class='ocrx_word' id='word_1_240' title='bbox 64 2925 206 2996; x_wconf 80' lang='lat' dir='ltr'><strong>topatema</strong></span> <span class='ocrx_word' id='word_1_241' title='bbox 228 2923 363 2991; x_wconf 88' lang='lat' dir='ltr'><strong>amicitia;</strong></span> <span class='ocrx_word' id='word_1_242' title='bbox 384 2939 478 3000; x_wconf 90' lang='lat' dir='ltr'><strong>neque</strong></span> <span class='ocrx_word' id='word_1_243' title='bbox 500 2924 573 2981; x_wconf 90' lang='lat' dir='ltr'><strong>enim</strong></span> <span class='ocrx_word' id='word_1_244' title='bbox 595 2940 662 2983; x_wconf 93' lang='lat' dir='ltr'><strong>esse</strong></span> <span class='ocrx_word' id='word_1_245' title='bbox 678 2923 769 3001; x_wconf 90' lang='lat' dir='ltr'><strong>potuit</strong></span> <span class='ocrx_word' id='word_1_246' title='bbox 785 2940 839 3001; x_wconf 90' lang='lat' dir='ltr'><strong>per</strong></span> <span class='ocrx_word' id='word_1_247' title='bbox 851 2939 942 2981; x_wconf 91' lang='lat' dir='ltr'><strong>meam</strong></span> <span class='ocrx_word' id='word_1_248' title='bbox 955 2930 1090 2981; x_wconf 86' lang='lat' dir='ltr'><strong>aetatem:</strong></span> 
     </span>
     <span class='ocr_line' id='line_1_31' title="bbox 98 3002 1091 3086; baseline 0.001 -26"><span class='ocrx_word' id='word_1_249' title='bbox 98 3002 200 3067; x_wconf 89' lang='lat' dir='ltr'><strong>solebat</strong></span> <span class='ocrx_word' id='word_1_250' title='bbox 214 3015 308 3066; x_wconf 90' lang='lat' dir='ltr'><strong>tamen</strong></span> <span class='ocrx_word' id='word_1_251' title='bbox 322 3005 436 3065; x_wconf 82' lang='lat' dir='ltr'><strong>vixdum</strong></span> <span class='ocrx_word' id='word_1_252' title='bbox 447 3005 662 3066; x_wconf 90' lang='lat' dir='ltr'><strong>adulescentulo</strong></span> <span class='ocrx_word' id='word_1_253' title='bbox 673 3007 739 3066; x_wconf 91' lang='lat' dir='ltr'><strong>mihi</strong></span> <span class='ocrx_word' id='word_1_254' title='bbox 750 3015 832 3086; x_wconf 89' lang='lat' dir='ltr'><strong>pater</strong></span> <span class='ocrx_word' id='word_1_255' title='bbox 843 3007 905 3064; x_wconf 88' lang='lat' dir='ltr'><strong>eius</strong></span> <span class='ocrx_word' id='word_1_256' title='bbox 918 3022 980 3064; x_wconf 93' lang='lat' dir='ltr'><strong>cum</strong></span> <span class='ocrx_word' id='word_1_257' title='bbox 991 3021 1091 3080; x_wconf 79' lang='lat' dir='ltr'><strong>magna</strong></span> 
     </span>
     <span class='ocr_line' id='line_1_32' title="bbox 98 3084 1091 3151; baseline 0.001 -8"><span class='ocrx_word' id='word_1_258' title='bbox 98 3084 173 3148; x_wconf 90' lang='lat' dir='ltr'><strong>laude</strong></span> <span class='ocrx_word' id='word_1_259' title='bbox 186 3091 344 3150; x_wconf 90' lang='lat' dir='ltr'><strong>monstrari.</strong></span> <span class='ocrx_word' id='word_1_260' title='bbox 372 3087 441 3149; x_wconf 87' lang='lat' dir='ltr'><strong>Erat</strong></span> <span class='ocrx_word' id='word_1_261' title='bbox 458 3107 514 3149; x_wconf 92' lang='lat' dir='ltr'><strong>non</strong></span> <span class='ocrx_word' id='word_1_262' title='bbox 537 3089 691 3151; x_wconf 89' lang='lat' dir='ltr'><strong>studiorum</strong></span> <span class='ocrx_word' id='word_1_263' title='bbox 706 3099 810 3150; x_wconf 89' lang='lat' dir='ltr'><strong>tantum</strong></span> <span class='ocrx_word' id='word_1_264' title='bbox 823 3108 921 3149; x_wconf 87' lang='lat' dir='ltr'><strong>verum</strong></span> <span class='ocrx_word' id='word_1_265' title='bbox 936 3089 1019 3148; x_wconf 86' lang='lat' dir='ltr'><strong>etiam</strong></span> <span class='ocrx_word' id='word_1_266' title='bbox 1033 3095 1091 3146; x_wconf 92' lang='lat' dir='ltr'><strong>stu·</strong></span> 
     </span>
     <span class='ocr_line' id='line_1_33' title="bbox 99 3167 1091 3253; baseline -0.002 -25"><span class='ocrx_word' id='word_1_267' title='bbox 99 3167 234 3233; x_wconf 80' lang='lat' dir='ltr'><strong>diocorum</strong></span> <span class='ocrx_word' id='word_1_268' title='bbox 247 3175 469 3252; x_wconf 89' lang='lat' dir='ltr'><strong>amantissimus,</strong></span> <span class='ocrx_word' id='word_1_269' title='bbox 496 3192 530 3234; x_wconf 89' lang='lat' dir='ltr'><strong>ac</strong></span> <span class='ocrx_word' id='word_1_270' title='bbox 545 3191 638 3253; x_wconf 92' lang='lat' dir='ltr'><strong>prope</strong></span> <span class='ocrx_word' id='word_1_271' title='bbox 659 3174 763 3234; x_wconf 91' lang='lat' dir='ltr'><strong>cotidie</strong></span> <span class='ocrx_word' id='word_1_272' title='bbox 783 3173 818 3235; x_wconf 83' lang='lat' dir='ltr'><strong>ed</strong></span> <span class='ocrx_word' id='word_1_273' title='bbox 831 3171 1003 3247; x_wconf 87' lang='lat' dir='ltr'><strong>audiendos,</strong></span> <span class='ocrx_word' id='word_1_274' title='bbox 1019 3185 1091 3248; x_wconf 88' lang='lat' dir='ltr'><strong>quos</strong></span> 
     </span>
     <span class='ocr_line' id='line_1_34' title="bbox 100 3252 1091 3337; baseline -0.002 -25"><span class='ocrx_word' id='word_1_275' title='bbox 100 3260 160 3315; x_wconf 92' lang='lat' dir='ltr'><strong>tunc</strong></span> <span class='ocrx_word' id='word_1_276' title='bbox 180 3274 237 3335; x_wconf 79' lang='lat' dir='ltr'><strong>ego</strong></span> <span class='ocrx_word' id='word_1_277' title='bbox 256 3257 486 3337; x_wconf 84' lang='lat' dir='ltr'><strong>frequentabam,</strong></span> <span class='ocrx_word' id='word_1_278' title='bbox 521 3256 737 3336; x_wconf 82' lang='lat' dir='ltr'><strong>Quintilianum,</strong></span> <span class='ocrx_word' id='word_1_279' title='bbox 762 3257 885 3317; x_wconf 87' lang='lat' dir='ltr'><strong>Niceten</strong></span> <span class='ocrx_word' id='word_1_280' title='bbox 906 3252 1091 3314; x_wconf 87' lang='lat' dir='ltr'><strong>Sacerdotem</strong></span> 
     </span>
     <span class='ocr_line' id='line_1_35' title="bbox 65 3337 1092 3420; baseline -0.003 -24"><span class='ocrx_word' id='word_1_281' title='bbox 65 3341 312 3420; x_wconf 65' lang='lat' dir='ltr'><strong>eventuumque</strong></span> <span class='ocrx_word' id='word_1_282' title='bbox 327 3340 432 3420; x_wconf 90' lang='lat' dir='ltr'><strong>alioqui</strong></span> <span class='ocrx_word' id='word_1_283' title='bbox 449 3341 542 3402; x_wconf 88' lang='lat' dir='ltr'><strong>clarus</strong></span> <span class='ocrx_word' id='word_1_284' title='bbox 559 3351 589 3401; x_wconf 88' lang='lat' dir='ltr'><strong>et</strong></span> <span class='ocrx_word' id='word_1_285' title='bbox 602 3345 697 3420; x_wconf 75' lang='lat' dir='ltr'><strong>gravis</strong></span> <span class='ocrx_word' id='word_1_286' title='bbox 708 3351 738 3402; x_wconf 91' lang='lat' dir='ltr'><strong>et</strong></span> <span class='ocrx_word' id='word_1_287' title='bbox 752 3343 799 3420; x_wconf 93' lang='lat' dir='ltr'><strong>qui</strong></span> <span class='ocrx_word' id='word_1_288' title='bbox 813 3337 952 3418; x_wconf 84' lang='lat' dir='ltr'><strong>prodesse</strong></span> <span class='ocrx_word' id='word_1_289' title='bbox 965 3337 1023 3395; x_wconf 88' lang='lat' dir='ltr'><strong>lilio</strong></span> <span class='ocrx_word' id='word_1_290' title='bbox 1033 3353 1092 3394; x_wconf 87' lang='lat' dir='ltr'><strong>me·</strong></span> 
     </span>
     <span class='ocr_line' id='line_1_36' title="bbox 100 3419 1117 3501; baseline -0.002 -22"><span class='ocrx_word' id='word_1_291' title='bbox 100 3425 181 3482; x_wconf 89' lang='lat' dir='ltr'><strong>moria</strong></span> <span class='ocrx_word' id='word_1_292' title='bbox 195 3428 237 3485; x_wconf 90' lang='lat' dir='ltr'><strong>sni</strong></span> <span class='ocrx_word' id='word_1_293' title='bbox 252 3425 364 3486; x_wconf 90' lang='lat' dir='ltr'><strong>debeat.</strong></span> <span class='ocrx_word' id='word_1_294' title='bbox 387 3426 445 3486; x_wconf 90' lang='lat' dir='ltr'><strong>Sed</strong></span> <span class='ocrx_word' id='word_1_295' title='bbox 460 3424 538 3485; x_wconf 92' lang='lat' dir='ltr'><strong>multi</strong></span> <span class='ocrx_word' id='word_1_296' title='bbox 553 3429 668 3487; x_wconf 91' lang='lat' dir='ltr'><strong>nuncin</strong></span> <span class='ocrx_word' id='word_1_297' title='bbox 683 3434 780 3486; x_wconf 88' lang='lat' dir='ltr'><strong>senatu</strong></span> <span class='ocrx_word' id='word_1_298' title='bbox 793 3423 894 3501; x_wconf 91' lang='lat' dir='ltr'><strong>quibus</strong></span> <span class='ocrx_word' id='word_1_299' title='bbox 905 3421 1019 3498; x_wconf 85' lang='lat' dir='ltr'><strong>ignotus</strong></span> <span class='ocrx_word' id='word_1_300' title='bbox 1029 3419 1117 3497; x_wconf 75' lang='lat' dir='ltr'><strong>ille,d</strong></span> 
     </span>
     <span class='ocr_line' id='line_1_37' title="bbox 100 3504 1092 3588; baseline -0.002 -24"><span class='ocrx_word' id='word_1_301' title='bbox 100 3504 172 3567; x_wconf 92' lang='lat' dir='ltr'><strong>multi</strong></span> <span class='ocrx_word' id='word_1_302' title='bbox 187 3509 287 3587; x_wconf 90' lang='lat' dir='ltr'><strong>quibus</strong></span> <span class='ocrx_word' id='word_1_303' title='bbox 303 3518 405 3588; x_wconf 91' lang='lat' dir='ltr'><strong>notus,</strong></span> <span class='ocrx_word' id='word_1_304' title='bbox 427 3509 479 3569; x_wconf 88' lang='lat' dir='ltr'><strong>sed</strong></span> <span class='ocrx_word' id='word_1_305' title='bbox 492 3511 612 3570; x_wconf 91' lang='lat' dir='ltr'><strong>nonnisi</strong></span> <span class='ocrx_word' id='word_1_306' title='bbox 626 3513 756 3570; x_wconf 85' lang='lat' dir='ltr'><strong>viventes</strong></span> <span class='ocrx_word' id='word_1_307' title='bbox 769 3514 952 3567; x_wconf 86' lang='lat' dir='ltr'><strong>reverentur:</strong></span> <span class='ocrx_word' id='word_1_308' title='bbox 967 3520 1024 3582; x_wconf 96' lang='lat' dir='ltr'><strong>quo</strong></span> <span class='ocrx_word' id='word_1_309' title='bbox 1035 3520 1092 3562; x_wconf 91' lang='lat' dir='ltr'><strong>ma·</strong></span> 
     </span>
     <span class='ocr_line' id='line_1_38' title="bbox 102 3590 1092 3674; baseline -0.002 -25"><span class='ocrx_word' id='word_1_310' title='bbox 102 3591 142 3664; x_wconf 74' lang='lat' dir='ltr'><strong>qis</strong></span> <span class='ocrx_word' id='word_1_311' title='bbox 162 3590 226 3652; x_wconf 89' lang='lat' dir='ltr'><strong>huic</strong></span> <span class='ocrx_word' id='word_1_312' title='bbox 245 3596 348 3656; x_wconf 87' lang='lat' dir='ltr'><strong>omissa</strong></span> <span class='ocrx_word' id='word_1_313' title='bbox 369 3593 459 3672; x_wconf 76' lang='lat' dir='ltr'><strong>gloria</strong></span> <span class='ocrx_word' id='word_1_314' title='bbox 480 3596 585 3674; x_wconf 90' lang='lat' dir='ltr'><strong>patris,</strong></span> <span class='ocrx_word' id='word_1_315' title='bbox 611 3595 639 3652; x_wconf 93' lang='lat' dir='ltr'><strong>in</strong></span> <span class='ocrx_word' id='word_1_316' title='bbox 663 3611 717 3673; x_wconf 92' lang='lat' dir='ltr'><strong>qua</strong></span> <span class='ocrx_word' id='word_1_317' title='bbox 737 3609 867 3670; x_wconf 75' lang='lat' dir='ltr'><strong>magnum</strong></span> <span class='ocrx_word' id='word_1_318' title='bbox 890 3597 1092 3666; x_wconf 87' lang='lat' dir='ltr'><strong>ornamentum,</strong></span> 
     </span>
    </p>
   </div>
   <div class='ocr_carea' id='block_1_8' title="bbox 0 0 1324 4096">
    <p class='ocr_par' dir='ltr' id='par_1_8' title="bbox 0 0 1324 4096">
     <span class='ocr_line' id='line_1_39' title="bbox 0 0 1324 4096; baseline 0 0"><span class='ocrx_word' id='word_1_319' title='bbox 0 0 1324 4096; x_wconf 95' lang='lat' dir='ltr'><strong> </strong></span> 
     </span>
    </p>
   </div>
  </div>
 </body>
</html>
