2632 4096
190 213 232 276 56
614 213 648 277 G.
669 213 767 279 PLlNl
886 229 890 238 '

191 384 237 430 me
251 383 286 426 aa
300 365 405 446 aliquid
420 369 562 430 omiserim
576 385 686 446 rursus,
702 373 733 428 et‘
745 385 844 434 rursus
860 386 952 447 paene
967 369 1058 428 omisi.
1079 367 1195 428 Summo

192 451 238 511 die
253 449 365 510 Salvius
383 449 520 514 Liberalis
541 451 670 531 reliquos
686 451 796 530 legates
810 454 935 529 graviter
947 452 1107 530 increpuit,
1126 460 1196 512 tam·

191 551 273 613 quam
287 551 344 599 non
360 551 459 599 omues
478 552 552 614 quos
571 534 732 599 mandasset
753 537 899 616 provincia
917 553 984 596 reos
999 538 1195 614 peregissent,

190 627 287 696 atque,
303 627 334 679 ut
350 628 395 683 est
409 619 564 682 uehemens
580 628 609 679 et
624 617 757 697 disertus,
772 620 801 680 ia
816 619 967 686 discrimen
981 619 1105 679 adduxit.
1126 617 1196 679 l'r0·

190 702 250 765 texi
271 703 349 761 viros
365 703 488 778 optimos
505 701 681 780 eosdemque
695 703 887 780 gratissimos:
911 703 979 769 milri
994 711 1072 762 certe
1087 702 1222 762 debere5

149 794 182 850 tf
192 803 224 846 se
239 785 404 865 praedicant
427 787 505 863 quod
519 785 598 849 illum
612 786 752 848 turbinem
765 788 917 852 evaserint.
949 785 1003 846 llic
1018 788 1073 846 erit
1086 788 1197 864 epistu-

190 869 237 930 lae
253 870 328 945 finis,
345 887 377 928 re
392 887 461 932 vera
476 871 554 937 finis;
568 868 690 932 litteram
704 887 761 930 non
776 869 893 948 addam,
915 870 1024 930 etiamsi
1037 869 1129 930 adhuc
1144 869 1195 930 ali·

191 952 257 1032 quid
270 953 444 1031 praeterisse
457 971 503 1021 ote
519 968 648 1016 sensero.
680 952 759 1017 Vale.

674 1087 711 1148 x.

240 1185 267 1238 G.
287 1187 414 1240 PLINIUS
432 1186 601 1239 vissimum
620 1187 804 1240 SPURINNAE
820 1185 880 1238 SUO
900 1186 941 1238 ET
958 1184 1097 1237 coimus
1115 1183 1143 1239 S.
1204 1122 1239 1174 1⁰

165 1305 180 1356 1
251 1287 459 1368 composuisse
478 1306 525 1351 me
544 1289 681 1369 quaedam
702 1290 738 1352 de
758 1289 816 1354 filio
837 1299 935 1350 vestro
955 1303 1012 1350 non
1028 1287 1083 1348 dixi
1097 1287 1195 1366 vobis,

191 1391 256 1438 cam
270 1375 399 1452 proxime
414 1372 491 1450 apud
502 1389 557 1432 vos
571 1373 621 1450 fui,
639 1375 774 1452 primum,
792 1375 927 1452 quianon
942 1372 1008 1434 ideo
1023 1374 1196 1451 scripseram

190 1466 221 1517 ut
232 1457 371 1534 dicerem,
386 1455 439 1516 sed
448 1465 479 1517 ut
490 1472 556 1516 meo
568 1459 666 1534 amori,
682 1475 746 1518 meo
758 1456 850 1518 dolori
862 1457 1067 1534 satisfacerem,
1079 1456 1195 1530 deinde,

191 1542 256 1620 quia
269 1550 311 1619 te,
324 1539 480 1618 Spurinna,
496 1557 560 1598 cum
574 1540 704 1601 audisses
718 1543 857 1602 recitasse
870 1558 928 1618 me,
944 1550 975 1600 ut
987 1540 1055 1600 milri
1069 1541 1133 1618 ipse
1149 1538 1193 1599 di-
1204 1544 1237 1597 15

164 1625 268 1702 existi,
284 1624 351 1704 quid
366 1625 533 1684 recitassem
546 1622 629 1684 simul
642 1624 757 1688 audisse
765 1622 934 1688 credebam.
956 1624 1109 1690 Praeterea
1119 1625 1196 1682 reri-
1288 1611 1289 1672 l

190 1717 235 1769 tus
255 1726 318 1769 sum
337 1725 374 1768 ne
394 1724 449 1768 uos
468 1706 551 1766 festis
571 1707 673 1770 diebus
695 1707 917 1786 confunderem,
937 1710 962 1766 si
983 1709 1011 1766 in
1030 1707 1197 1772 memoriam
1289 1711 1290 1774 l

190 1793 348 1870 gravissimi
364 1791 456 1852 luctus
476 1790 664 1852 seduxissem.
697 1789 779 1852 Nunc
801 1808 915 1870 quoquc
935 1791 1082 1868 paulisper
1101 1790 1196 1850 baesi-
1290 1811 1291 1862 ι

191 1876 248 1936 tavi
262 1874 290 1935 id
304 1875 396 1934 solnm
411 1874 488 1952 quod
502 1876 619 1936 recitavi
635 1877 774 1936 mitterem
789 1875 969 1952 exigentibus
980 1874 1074 1950 vobis,
1091 1891 1126 1934 an
1136 1872 1195 1934 adi·
1291 1914 1292 1948 ι

164 1972 289 2025 acerem
306 1975 379 2036 quae
398 1960 427 2016 in
447 1957 523 2020 aliud
542 1958 677 2020 volumen
697 1960 794 2037 cogito
810 1975 969 2018 reservare.
1001 1956 1105 2037 Neque
1119 1959 1238 2021 enimto
1292 2013 1293 2044 ,

190 2041 350 2104 adfectibus
371 2043 443 2106 meis
463 2059 520 2108 uno
540 2041 640 2103 libello
662 2045 832 2105 carissimam
851 2042 969 2102 mihist
990 2042 1196 2103 sanctissimam

189 2126 353 2186 memoriam
373 2127 510 2204 prosequi
531 2127 599 2185 satis
615 2135 677 2203 est,
699 2128 779 2186 cuius
800 2126 890 2187 famae
911 2123 994 2186 latius
1015 2124 1194 2202 consuletur,

164 2211 215 2278 asi
230 2208 393 2287 dispensata
413 2217 443 2270 et
458 2208 576 2288 digesta
596 2209 689 2271 fuerit.
720 2210 826 2270 Verum
846 2208 995 2270 haesitanti
1014 2209 1081 2268 mihi
1102 2210 1196 2272 omnia

190 2309 263 2374 quae
280 2295 334 2354 iam
349 2296 498 2371 composui
517 2294 600 2357 vobis
620 2293 803 2370 exhiberem,
823 2310 859 2354 au
879 2291 971 2354 adbuc
991 2291 1084 2371 aliqua
1098 2291 1195 2352 differ·

189 2395 267 2454 rem,
289 2377 446 2457 simplicius
469 2385 498 2438 ct
518 2378 635 2440 amicius
655 2379 747 2440 risum
767 2386 814 2437 cst
827 2378 935 2454 omnia,
956 2378 1113 2455 praecipue
1129 2391 1236 2448 cumas

164 2463 343 2529 sadfirmetis
357 2463 429 2522 intra
441 2477 495 2524 ros
510 2461 618 2538 tuum,
640 2459 733 2525 donec
747 2459 863 2540 placeat
876 2463 1015 2520 emittere.
1046 2458 1131 2532 Quod
1146 2477 1194 2520 su·

190 2555 306 2624 pereat,
322 2563 394 2624 rogo
410 2554 440 2607 ιιι
454 2547 515 2624 pari
530 2545 728 2624 simplicitate,
744 2545 769 2604 si
784 2563 839 2624 qaia
853 2544 1050 2612 existimabitis
1064 2542 1195 2608 addenda

163 2629 384 2694 accumulanda
401 2629 569 2706 omittenda,
591 2628 723 2691 indicetis
737 2628 812 2691 mibi.
843 2626 970 2696 Difficile
984 2636 1029 2688 est
1042 2627 1194 2706 hucusque

189 2712 337 2774 intendere
358 2715 477 2772 animum
496 2715 526 2773 in
547 2711 662 2780 dolore;
688 2711 821 2788 difficile,
844 2711 897 2776 sed
912 2721 1005 2773 tamen
1020 2720 1051 2771 ut
1067 2710 1195 2791 scalpto-

188 2811 266 2870 rem,
282 2805 312 2856 ut
326 2797 482 2872 pictorem,
505 2798 553 2874 qui
568 2795 616 2854 filii
631 2797 720 2858 vestri
740 2797 890 2874 imaginem
911 2797 1037 2871 faceret,
1059 2794 1237 2863 admone-bo

188 2880 258 2940 retis
274 2877 342 2956 quid
361 2881 538 2958 exprimere,
561 2877 627 2957 quid
642 2878 793 2947 emendare
810 2879 947 2957 deberet,
964 2881 1003 2944 ita
1016 2895 1062 2939 me
1077 2897 1194 2958 quoque

188 2962 310 3024 formate
330 2963 440 3040 regite,
462 2965 509 3042 qui
524 2979 581 3023 non
596 2961 726 3041 fragilem
742 2973 772 3024 et
787 2962 921 3029 caducam
936 2963 989 3024 sed
1004 2961 1193 3039 mauman,

188 3055 221 3110 ιιι
240 3063 294 3106 vos
314 3047 436 3125 putatis,
458 3046 586 3126 effigiem
605 3063 696 3108 conor
716 3047 850 3116 efiicere;
873 3064 945 3126 guae
966 3047 1022 3110 boc
1038 3044 1195 3112 diuturnior

189 3133 254 3207 erit,
271 3148 328 3210 quo
342 3132 438 3194 verior
452 3131 552 3194 melior
566 3130 723 3196 absolutior
736 3131 830 3195 fuerit
862 3130 972 3195 Valete.

661 3265 703 3326 XI
1199 3225 1238 3283 86

401 3366 430 3420 G.
448 3365 575 3419 PLINIUS
590 3364 676 3418 mmo
696 3363 849 3416 ammom
868 3364 928 3416 SUO
946 3365 974 3416 S.

159 3482 179 3526 1
251 3463 305 3526 Est
320 3466 432 3527 omnino
445 3464 616 3528 Artemidori
629 3468 719 3528 nostri
733 3475 789 3528 tam
803 3468 927 3546 benigna
940 3476 1038 3528 natura
1053 3474 1083 3526 ut
1097 3467 1194 3528 officia
