2632 4102
192 305 243 346 xiv
527 348 529 352 .
605 290 843 345 PRAEFATIO.

193 456 330 520 excerptae.
352 449 433 521 itaque
443 450 502 505 illud
517 450 674 523 mchetypon
692 464 764 521 equo
776 455 801 504 et
812 448 878 504 huno
888 447 998 504 codicem
1014 455 1039 502 et
1050 448 1156 520 reliquos
1169 464 1266 517 omnes,

194 547 297 606 quorum
307 533 388 588 nullus
399 541 437 589 est
447 534 530 606 punto
542 534 637 589 decimo
647 533 746 588 saeculo
757 533 889 604 antiquior,
902 531 1038 602 descriptos
1055 547 1108 587 esse
1118 532 1188 602 dico,
1206 549 1268 590 oum

194 618 248 673 aliis
260 617 411 673 librariorum
423 618 546 673 erroribus
557 625 699 688 corruptum
711 624 775 681 erat,
798 624 851 671 tum
874 616 957 671 multis
973 615 1065 671 lacunis
1086 615 1175 672 mahat
1203 633 1268 689 quo-

194 717 249 757 rum
273 702 381 757 emnium
402 716 458 756 oum
481 716 495 755 e
514 701 581 756 libris
602 717 675 758 manu
695 701 791 771 scriptis
807 701 900 774 ouillum
919 706 1014 770 praeter
1030 699 1145 755 ltalonim
1166 702 1268 771 quidem

194 786 345 842 coniecturas
364 784 479 839 auxilium
495 786 545 854 peti
562 792 659 856 posset,
681 783 874 840 emendationem
889 784 958 840 multi
974 791 1145 854 susceperunt,
1164 783 1268 840 lacunas

194 875 290 934 autem,
313 876 440 940 postquam
461 869 578 939 quaedam
600 869 624 923 in
644 869 692 923 hoc
711 882 802 940 genere
822 869 940 938 praestitit
959 868 1105 932 detondens,
1134 869 1269 938 inprimis

193 951 297 1010 decom
313 951 491 1024 empiricam
518 953 559 1024 qui
575 968 637 1008 anuo
659 955 793 1009 lotatum
812 952 909 1023 reliquis
919 952 1071 1024 panegyricis
1085 951 1155 1007 Plinii
1173 952 1268 1008 librum

195 1037 284 1104 oddo,
305 1036 435 1106 supplevit.
479 1042 552 1108 atque
578 1037 644 1092 huno
664 1035 852 1106 crispinianum,
881 1043 1007 1106 propterea
1027 1036 1092 1107 quod
1113 1035 1190 1100 filius.
1222 1039 1267 1108 qui

193 1128 262 1192 patre
282 1127 380 1176 mortuo
399 1119 497 1176 editioni
518 1121 637 1191 praefuit,
658 1126 781 1190 parentem
804 1121 910 1189 integras
931 1119 1026 1174 charos
1047 1120 1072 1174 iu
1093 1121 1268 1176 vetustissimis

193 1205 244 1261 suis
255 1204 432 1275 exemplaribus
441 1205 561 1260 iuvenisse
571 1213 597 1260 et
607 1204 741 1260 rmtituisse
752 1203 869 1267 adfirmat,
882 1203 989 1260 euodiee
1002 1203 1082 1275 aliquo
1093 1205 1266 1275 supplementa

194 1289 308 1361 petivisse
329 1289 400 1344 multi
420 1289 632 1351 existimaverunt:
653 1288 753 1360 eiusque
770 1287 1267 1360 reidooumeutumemevoluemntquae

193 1374 219 1428 in
237 1373 316 1444 capite
337 1373 536 1446 quinquagesimo
558 1374 642 1447 quinto
666 1372 836 1444 percommode
858 1373 959 1428 insanit
984 1371 1126 1442 ‘praeterea
1148 1380 1176 1428 ut
1196 1374 1255 1443 quis

194 1473 242 1530 que
264 1458 343 1512 iactus
373 1463 411 1512 est
434 1458 559 1529 princeps,
589 1457 711 1527 extemplo
736 1457 886 1522 semaeias,
914 1457 1033 1512 incertum
1051 1455 1115 1511 hono
1135 1471 1164 1511 an
1189 1458 1264 1522 maia.

195 1549 303 1597 ceterum
325 1547 421 1596 aetam
442 1543 510 1599 est'.
541 1549 638 1597 atvero
654 1556 710 1596 com
727 1541 818 1612 reliqua
835 1542 915 1598 omnia
926 1556 987 1613 quae
999 1541 1158 1611 Cuspiniauus
1171 1540 1265 1597 addidit

194 1627 229 1681 ita
253 1632 391 1696 comparata
411 1625 460 1682 sint
483 1632 511 1681 ut
536 1627 623 1697 partim
649 1625 788 1681 coniectura
805 1625 875 1680 iacile
896 1626 996 1681 inveniri
1018 1625 1152 1695 potuerint,
1173 1627 1263 1696 partim

194 1726 244 1766 nou
255 1725 308 1765 esse
324 1709 418 1765 olibris
435 1709 544 1781 proiecta
561 1716 687 1781 appareat,
709 1708 750 1764 illa
766 1710 946 1780 qaroqareipsius
957 1709 1055 1782 ingenio
1066 1708 1164 1775 deberi,
1186 1724 1263 1781 eaque

196 1795 226 1849 de
240 1809 312 1849 eausa
332 1809 381 1850 ooo
401 1793 538 1858 codicibus,
561 1811 622 1867 quos
643 1793 732 1850 uostris
758 1792 870 1848 meliores
890 1809 939 1848 uon
955 1793 1053 1858 habuit,
1074 1792 1143 1848 iilum
1153 1793 1262 1848 adiutum

196 1878 283 1942 tuisse,
302 1879 345 1933 sod
366 1878 503 1934 coniectura
516 1893 568 1934 rem
589 1879 669 1951 egisee
682 1876 828 1932 credendum
844 1884 890 1932 est.
927 1893 975 1948 quo
992 1877 1083 1932 iactum
1095 1884 1170 1932 estut
1185 1877 1262 1932 multa

194 1968 291 2032 praeter
311 1963 480 2017 necessitatem
502 1962 615 2030 inferret,
643 1963 689 2017 alia
709 1977 758 2016 uon
779 1961 932 2018 incommode
953 1961 1107 2024 resumeret,
1130 1961 1155 2015 iu
1174 1961 1228 2016 aliis
1249 1977 1263 2016 a

194 2061 252 2100 vera
272 2046 390 2101 sententia
412 2045 540 2103 aberraret
582 2061 643 2118 quae
669 2045 755 2101 deinde
783 2045 912 2101 maximam
936 2052 1029 2117 partem
1055 2059 1069 2097 a
1090 2045 1262 2114 posterioribus

196 2129 328 2184 editoribus
336 2130 439 2200 repetita
457 2137 522 2186 suut.
544 2145 575 2185 ex
591 2131 629 2186 his
641 2131 716 2202 igitur
725 2129 899 2200 supplements
910 2146 938 2186 ea
948 2145 1010 2202 quae
1020 2131 1107 2185 iustam
1117 2130 1261 2184 senteutiam

196 2213 314 2268 referrent
336 2214 438 2278 retinui,
458 2214 578 2272 inclinatis
595 2221 677 2271 tamen
693 2214 780 2270 littoris
797 2221 921 2288 mam
940 2215 1013 2270 rliena
1029 2219 1111 2269 notata
1122 2213 1186 2280 (hac
1196 2214 1262 2268 euim

196 2297 288 2352 ratione
299 2298 372 2353 etiam
383 2298 408 2353 in
418 2299 516 2371 retiqrm
525 2315 584 2354 usus
594 2303 685 2370 sum);
704 2313 732 2354 ea
754 2305 835 2354 autem
856 2313 918 2371 quae
939 2299 1003 2354 maie
1024 2298 1146 2354 addiderat
1166 2297 1261 2363 lacuna,

196 2382 217 2436 si
228 2389 352 2453 praerat,
374 2383 476 2438 iudicata
486 2384 589 2439 reseoui
632 2384 734 2455 denique
749 2383 843 2454 siquae
854 2384 877 2440 io
889 2383 1012 2440 codicibus
1021 2383 1109 2452 scripta
1121 2388 1190 2436 erant
1200 2396 1262 2452 quae

196 2465 297 2522 delenda
308 2467 521 2532 emendarentur,
544 2483 621 2524 uncos
632 2468 775 2540 quadratos,
796 2469 861 2540 quod
876 2483 959 2523 eonrm
977 2481 1121 2540 mraepmve
1135 2464 1263 2520 alibrariis

197 2549 279 2605 addita
293 2559 374 2608 essent
384 2551 483 2624 signum
499 2567 552 2607 esse
561 2552 641 2620 volui,
663 2552 767 2608 admoui.
799 2551 830 2607 de
849 2553 879 2607 iis
895 2567 956 2624 quae
970 2559 1092 2622 praeterea
1103 2555 1195 2604 mutata
1204 2556 1261 2604 sunt

197 2640 224 2688 ut
235 2642 357 2691 constaret
368 2637 447 2692 indice
456 2637 517 2692 inira
528 2637 618 2708 scripto
635 2637 724 2692 curaui
