2632 4102
199 289 253 329 vnrr
618 280 853 336 PRAEFATIO.

202 435 350 507 descriptum
360 437 533 492 666611661661.
553 451 619 494 6666
628 451 693 501 uero,
701 436 809 492 11611666
820 444 845 492 61
855 436 970 494 Vaticano
976 437 1100 494 codicibus
1109 445 1160 496 tarn
1166 439 1231 494 inter
1240 453 1266 492 se

201 534 273 593 quam
284 535 340 576 oum
350 520 479 593 Prageosis
489 521 543 576 libri
553 521 678 592 seripturis
688 521 789 586 collatis,
801 535 833 576 ex
844 522 896 592 ipso
903 521 1019 586 11611666,
1031 529 1087 578 6616
1096 538 1167 595 quarn
1178 522 1204 576 in
1217 521 1265 576 lta·

200 605 258 659 11661
270 604 451 669 1666166661,
463 619 477 660 6
488 603 630 660 Germanico
641 604 736 660 librario
749 604 896 676 Pragensem
906 605 1052 676 descriptum
1064 621 1118 662 6666
1129 605 1265 662 certissimis

200 690 351 761 argumentis
361 687 514 759 deprehendi.
533 705 581 760 quo
591 688 693 761 negotio
706 704 755 743 non
765 691 845 744 solum
856 705 912 744 61116
923 705 1017 744 summa
1027 690 1183 763 neglegentia
1195 689 1265 744 libra-

199 773 250 828 rius
261 773 419 836 1666166661,
440 771 483 826 sed
501 772 573 826 etiam
584 773 708 843 eomplura
719 787 775 826 61161
785 774 837 843 ipse
847 773 943 828 nouauit
953 781 1005 830 turn
1016 788 1030 828 e
1044 782 1141 830 centum
1151 771 1264 829 librorum

200 856 299 924 codice,
319 871 368 927 quo
377 861 500 927 praeterea
509 871 568 911 usus
580 863 624 919 est,
636 855 725 910 intulit,
747 857 827 927 itaque
838 856 896 912 huic
905 857 1003 929 quidem
1014 858 1092 914 codici
1101 858 1195 914 nullam
1205 856 1265 911 iuter

199 940 275 996 libros
285 955 358 994 manu
374 940 477 1009 scriptus
490 941 658 994 auctoritatem
668 939 819 995 tribuendam
829 955 882 994 esse
896 941 959 995 dico.
991 942 1034 997 661
1051 948 1125 997 restat
1144 947 1264 1013 praeterea

200 1025 261 1079 alius
277 1024 367 1088 codex,
384 1023 415 1079 de
431 1039 479 1095 quo
489 1023 610 1078 difficilius
623 1030 660 1078 est
675 1023 805 1088 iudicium,
822 1038 877 1080 eunr
889 1024 943 1080 dico
955 1039 969 1079 e
979 1041 1027 1098 quo
1037 1041 1100 1081 anno
1112 1029 1181 1084 1508
1192 1023 1264 1080 Aldus

200 1106 932 1179 6616166111661616166611616611616611111616661666
952 1108 1064 1164 restituit.
1091 1110 1170 1165 1666
1191 1109 1263 1180 igitur

199 1191 274 1247 aldus
284 1192 415 1262 inepistula
426 1191 456 1248 61
466 1191 582 1248 11616166
598 1190 870 1248 lloeenioumllenetum
881 1191 1006 1248 16161666
1017 1192 1090 1248 babet
1108 1190 1168 1249 ‘Sed
1178 1207 1260 1264 exquo

200 1282 228 1331 tu
240 1290 254 1330 e
266 1273 343 1331 Gallia
356 1301 395 1312 ··-
405 1276 448 1332 lras
458 1275 528 1332 Plinii
539 1275 653 1348 epistolas
663 1276 688 1331 in
699 1275 791 1332 ltaliam
801 1277 942 1346 reportasti.
967 1276 992 1332 iu
1003 1277 1142 1332 membrana
1155 1277 1260 1346 scriptas

199 1366 271 1431 atque
282 1359 341 1416 6166
352 1359 451 1416 diversis
463 1376 476 1414 a
487 1360 574 1416 nostris
582 1359 766 1424 characteribus,
777 1367 805 1415 ut
814 1360 860 1418 nisi
871 1360 925 1432 quis
935 1360 976 1416 diu
987 1361 1125 1425 assueverit,
1137 1376 1187 1416 non
1195 1366 1262 1432 queat

199 1445 290 1516 legere,
304 1445 373 1515 ooepi
386 1459 482 1514 sperare
495 1446 583 1500 mirum
593 1445 618 1500 in
628 1444 741 1508 modum,
756 1445 809 1500 lore
819 1451 897 1500 aetate
907 1452 996 1510 nostra,
1006 1452 1034 1500 ut
1043 1445 1140 1516 plurimi
1151 1458 1182 1498 ex
1196 1442 1262 1499 bonis

199 1529 331 1593 aumribus,
342 1544 402 1599 quos
413 1543 462 1584 non
473 1534 555 1584 extare
565 1528 692 1592 oredimus,
704 1528 860 1584 inveniantur.
882 1527 925 1584 llst
935 1529 1118 1584 enimuolnmen
1130 1529 1261 1598 ipsumnon

198 1613 277 1666 solum
288 1612 504 1677 correctissimum,
525 1612 651 1668 sedetiam
660 1612 692 1666 ita
703 1613 840 1683 antIquum,
864 1620 893 1668 ut
902 1619 985 1683 putero
996 1613 1112 1683 scriptum
1122 1611 1195 1668 Plinii
1205 1618 1262 1667 166-

198 1695 304 1766 poribus.
318 1695 439 1754 —Nune
452 1703 540 1764 anteon,
552 1697 616 1768 quod
629 1711 765 1766 possumus,
775 1695 848 1752 hasce
859 1695 964 1752 Secundi
975 1698 1087 1766 epistolas
1097 1697 1182 1750 damus
1194 1709 1261 1768 quaro

198 1781 393 1844 correctissimas,
405 1781 430 1837 in
443 1780 530 1853 quibus
543 1781 616 1836 etiarn
626 1781 717 1836 multae
730 1786 794 1843 sunt,
807 1779 1195 1852 quaeantebannonlrabebantnr.
1217 1779 1261 1835 Sed

198 1864 241 1918 tibi
255 1865 375 1934 inprimis
388 1863 497 1920 habenda
510 1871 548 1920 est
564 1865 665 1935 plurima
675 1864 754 1936 gratia
766 1864 857 1936 inelyte
867 1863 955 1928 lloisi,
977 1864 1017 1934 qui
1041 1863 1164 1935 exemplar
1186 1865 1261 1936 ipsun

198 1947 352 2018 epistolamm
369 1947 494 2018 reportasti
507 1948 648 2012 initaliam,
672 1947 777 2019 mihique
802 1947 900 2013 dedisti,
921 1954 950 2002 ut
970 1961 1086 2002 excusum
1106 1948 1260 2018 publicarem.

199 2030 291 2087 Deinde
301 2031 409 2088 iucundo
421 2031 552 2087 Veronensi
561 2032 616 2086 Viro
627 2031 745 2103 singulari
763 2032 877 2104 ingenio,
897 2047 926 2086 66
939 2031 1202 2088 bonammlitteramm
1213 2039 1260 2087 slu-

198 2114 349 2180 diosissimo,
371 2117 435 2188 quod
456 2123 481 2170 et
497 2115 594 2171 easdem
611 2114 716 2171 Seorrndi
737 2115 850 2186 epistolas
867 2115 897 2170 ab
908 2130 938 2171 eo
953 2117 1005 2187 ipso
1015 2116 1145 2186 exemplari
1156 2130 1170 2170 a
1183 2115 1260 2172 sede·

196 2198 769 2271 661161661611611161113661616116611661616,
791 2206 816 2254 61
837 2215 881 2255 sex
905 2201 950 2255 alia
967 2200 1089 2255 volumina
1107 2200 1260 2271 epistolamm

197 2283 283 2354 partim
294 2298 368 2338 uranu
377 2282 478 2353 seripta,
495 2284 582 2353 partim
592 2284 707 2353 impressa
717 2282 827 2354 quidem,
845 2284 888 2338 sed
900 2299 956 2338 oum
968 2283 1071 2355 antiquis
1081 2284 1168 2340 collata
1179 2299 1259 2340 exem·

196 2366 313 2437 pleribus.
326 2367 406 2422 61616
418 2367 470 2437 ipse
480 2374 633 2438 suasponte,
650 2381 713 2439 quae
722 2367 797 2439 ipsius
807 2374 846 2424 ast
855 2383 913 2440 erga
923 2368 1045 2424 studiosos
1055 2368 1148 2423 omneis
1157 2367 1260 2424 11666116·

196 2450 281 2516 lentia,
293 2451 461 2523 adponerent,
473 2450 544 2522 idque
554 2451 650 2508 biennio
661 2457 723 2516 ante,
734 2468 806 2524 quam
816 2460 842 2508 16
853 2453 931 2522 ipsum
942 2452 1001 2508 mili
1011 2453 1132 2523 exemplar
1137 2451 1260 2522 publican-

197 2537 253 2590 dum
270 2535 415 2592 tradidisses.
449 2533 545 2590 Exeunt
564 2537 640 2608 igitur
655 2534 781 2592 baePlinii
797 2535 911 2608 epistolae
928 2537 953 2593 in
968 2552 1054 2592 manus
1070 2537 1221 2592 literatomm
1238 2537 1256 2588 el

197 2626 238 2674 166
248 2626 273 2674 61
283 2619 383 2675 iucundi
393 2619 469 2674 nostri
480 2620 504 2674 16
515 2619 569 2676 illos
579 2621 752 2686 benevolentia,
765 2621 979 2678 emendatissimos.
988 2649 1032 2661 -
1052 2618 1113 2675 Esse
1122 2625 1205 2674 autern
1214 2618 1259 2674 Pli-

195 2703 229 2758 nii
239 2703 352 2773 epistolas
362 2703 538 2768 ad'l'raiaoom,
551 2704 633 2760 multis
643 2705 774 2760 rationibus
783 2706 879 2775 probari
889 2712 983 2775 potest,
999 2705 1043 2760 sod
1052 2703 1091 2758 bis
1101 2703 1258 2774 potissimum

195 2786 316 2850 Priorum,
329 2787 383 2858 quia
393 2787 419 2842 in
429 2787 593 2858 antiquissimo
606 2788 736 2858 exemplari
749 2803 796 2844 una
808 2804 865 2843 eum
879 2789 932 2844 aliis
945 2795 973 2843 ut
982 2805 1027 2843 nos
1038 2787 1208 2856 imprimendas
1219 2801 1259 2840 ou·

194 2871 311 2935 16116166,
322 2869 368 2925 sub
378 2870 448 2927 Plinii
460 2869 565 2927 Secundi
576 2872 674 2927 nomine
683 2873 787 2943 scriptae
795 2878 869 2928 sunt'.
889 2873 1023 2928 accuratius
1036 2877 1117 2927 autem
1126 2871 1169 2926 ubi
1178 2871 1258 2926 inven-

194 2961 235 3010 tos
245 2953 318 3009 inerit
328 2955 406 3010 661611
416 2955 488 3010 docet
500 2955 641 3011 Guilelmus
651 2955 763 3011 Budaeus
772 2955 837 3012 lctus
847 2956 871 3010 in
883 2955 1082 3012 Adnotationibus
1093 2954 1258 3011 inPandectas

194 3043 339 3096 66661508
352 3039 456 3109 primurn
466 3039 1149 3112 611116(616161111666163166666166661116316616),
1171 3039 1257 3110 inqu·

193 3122 240 3178 bus
249 3137 305 3177 cnm
316 3123 440 3193 complura
450 3137 482 3178 ex
492 3123 578 3178 eodem
589 3124 673 3179 661166
682 3122 802 3189 1611116111,
813 3131 867 3179 1616
877 3140 901 3196 p.
909 3127 967 3190 149,
978 3132 1106 3196 postquam
1116 3124 1147 3178 16
1158 3121 1257 3192 epistula

193 3207 287 3263 1661616
296 3205 351 3262 libri
361 3206 439 3262 uetari
450 3207 566 3278 quaedam
576 3208 693 3278 ascripsit,
706 3207 813 3264 ‘uerum’
824 3209 901 3279 inquit
908 3209 918 3240 ‘
925 3209 987 3264 haee
997 3208 1097 3280 epistula
1106 3213 1132 3262 et
1141 3207 1202 3262 aliae
1210 3218 1258 3260 nen

192 3304 285 3362 paucae
295 3291 320 3346 in
331 3289 456 3346 mdioibus
465 3291 588 3361 impressis
598 3307 648 3346 non
658 3292 785 3364 leguntur:
795 3308 842 3348 nos
851 3293 973 3365 integnrm
985 3293 1062 3348 iernre
1070 3290 1174 3347 Plinium
1186 3289 1259 3345 habe·

193 3389 249 3430 mus
258 3375 363 3445 primurn
373 3376 436 3446 apud
446 3373 550 3430 Parisios
557 3383 679 3445 repertum
690 3391 763 3446 opera
773 3377 873 3434 iucundi
883 3377 1027 3443 sacerdotis,
1037 3375 1142 3432 bominis
1152 3375 1258 3445 antiqua·

192 3459 229 3524 ni,
244 3458 416 3531 architectique
425 3457 534 3516 nobilie’.
549 3459 623 3532 digna
631 3467 753 3531 praeterea
764 3476 825 3533 qnae
835 3460 932 3533 legatur
937 3461 968 3516 de
977 3476 1007 3516 66
1016 3460 1101 3516 codice
1111 3464 1149 3514 est
1158 3456 1258 3530 epistula

191 3541 571 3599 (161666616186161616161616
588 3544 613 3599 16
629 3543 734 3600 editiore
751 3531 807 3600 6661
826 3547 904 3603 1518.
924 3559 980 3602 nam
999 3544 1065 3618 qnod
1080 3541 1213 3614 desumptus
1228 3539 1257 3594 de
