2614 4104
230 289 293 356 258
669 290 701 355 G.
724 290 821 352 l‘blNl

233 454 485 524 contemptumque
493 445 592 506 mortis
606 443 796 520 accenderet,
813 460 877 502 cum
889 445 917 504 in
931 461 1080 505 servomm
1091 444 1178 504 etiam
1191 463 1246 506 no·

231 525 1246 690 tttllttlllttlttmttltlttttttllltalliatam

312 655 321 672 ·
973 655 982 688 s

233 695 377 772 exbibuit,
399 696 475 755 omni
495 695 659 755 adfectione
680 703 727 753 aut
741 695 864 754 intactus
878 704 925 754 aut
939 694 1042 754 maior!
1064 693 1245 772 lnpetratunr

233 790 280 841 est
297 778 372 858 quod
386 776 600 856 postulabatur,
618 776 743 838 oblatum
757 776 834 855 qnod
848 795 905 837 non
921 777 1126 856 postulabatur.
1156 777 1267 840 lusti-5

231 866 265 924 tit
279 863 354 923 ultro
369 871 399 921 et
412 870 443 920 ut
458 862 730 941 concupisceremus
746 860 905 938 admonuit,
921 879 955 921 ac
969 861 1013 922 sic
1028 877 1144 940 quoque
1159 861 1245 940 plura

231 946 387 1023 inopinata,
411 943 491 1022 plura
506 945 608 1005 subita.
642 944 700 1004 lam
717 961 800 1021 quam
818 943 910 1005 libera
928 947 1117 1024 spectantium
1134 945 1244 1024 studia,

216 1047 314 1107 ¹apuam
333 1046 453 1089 securus
475 1027 571 1088 levor!
607 1026 719 1087 Nemini
739 1029 877 1106 inpietas,
905 1037 938 1088 ut
956 1027 1087 1103 solebat,
1111 1027 1244 1106 obiecta,

232 1111 308 1190 qnod
325 1111 433 1172 odisset
447 1111 648 1188 gladiatorem:
668 1129 752 1171 nemo
768 1129 785 1171 e
801 1121 965 1189 spectatore
985 1111 1184 1190 spectaculum
1200 1113 1245 1172 ia·

232 1206 312 1274 ctus,
328 1197 446 1256 miseras
462 1195 625 1274 voluptates
637 1213 712 1254 unco
727 1205 757 1254 et
765 1197 879 1272 ignibus
894 1196 1029 1272 expiavit.
1048 1193 1177 1256 Demens
1190 1195 1245 1256 ille
1255 1211 1284 1262 lo

230 1281 350 1359 verique
366 1279 483 1340 bononis
498 1281 614 1357 ignarus
629 1281 678 1357 qui
695 1281 810 1339 crimina
823 1281 977 1340 maiestatis
991 1279 1018 1338 in
1036 1278 1141 1339 harena
1159 1278 1244 1340 colli·

231 1365 319 1442 gebat
340 1381 375 1423 ac
392 1382 426 1424 se
446 1362 558 1442 despici
580 1373 610 1424 et
630 1363 792 1440 contemni,
816 1362 872 1424 nisi
889 1365 973 1424 etiam
986 1361 1162 1439 gladiatores
1177 1365 1245 1426 eius

229 1464 446 1522 verreraremur,
468 1448 522 1506 sibi
539 1445 684 1506 maledici
701 1445 817 1524 inillis,
839 1463 918 1507 suam
939 1447 1129 1522 diuinitatem,
1158 1465 1244 1508 suum

230 1547 332 1590 numen
341 1529 441 1588 violari
451 1529 699 1609 interpretabatur,
713 1549 834 1608 cumque
845 1547 878 1589 se
892 1529 967 1589 idem
979 1529 1054 1608 quod
1065 1528 1151 1607 deos,
1162 1529 1244 1590 idem

181 1619 222 1682 34
232 1613 405 1693 gladiatores
422 1612 498 1693 quod
512 1633 545 1674 se
563 1614 687 1691 putabat.
721 1616 760 1675 At
772 1625 821 1690 tu,
846 1610 971 1688 Caesar,
989 1630 1071 1691 quam
1086 1612 1282 1691 pulcbnrm15

232 1697 427 1777 spectaculum
443 1714 496 1775 pro
518 1697 569 1758 illo
589 1698 671 1758 nobis
685 1697 841 1759 execrabili
856 1695 1016 1757 reddidisti!
1044 1695 1173 1757 Vidimus
1187 1697 1241 1758 de·

231 1781 352 1843 latorum
365 1782 515 1860 iudicium,
532 1783 611 1861 quasi
623 1793 832 1860 gmssatorum,
847 1782 927 1859 quasi
942 1779 1090 1841 latronum.
1110 1779 1176 1841 Non
1190 1799 1242 1840 so·

231 1865 377 1926 litudinem
390 1865 448 1942 illi,
472 1883 528 1927 non
545 1868 616 1943 iter,
636 1866 688 1926 scd
708 1865 862 1943 templum,
885 1863 938 1926 sed
951 1864 1044 1924 iorum
1056 1864 1241 1925 insederant·

232 1948 308 2008 nulla
322 1951 375 2008 iam
390 1958 558 2010 testamenta
571 1967 689 2026 secura,
704 1949 799 2010 nullus
814 1958 904 2010 status
919 1959 1030 2010 certus:
1043 1963 1101 2007 non
1116 1948 1240 2026 orbitus,

98 2071 105 2076 -
230 2049 288 2091 non
308 2031 390 2091 liberi
412 2032 576 2110 proderant.
607 2033 735 2093 Auxerat
753 2033 808 2093 boc
823 2031 925 2093 malum
939 2034 1097 2112 principum
1110 2033 1281 2095 antitiste

230 2114 386 2176 Advertisti
410 2116 511 2177 oculos
531 2126 617 2195 atque
638 2126 669 2177 ut
682 2126 747 2178 ante
769 2119 870 2178 castris
885 2118 923 2176 ita
937 2126 1040 2195 postea
1054 2133 1157 2194 pacem
1170 2114 1241 2176 iuro

230 2197 393 2260 reddidisti:
407 2199 538 2260 excidisti
552 2202 716 2262 intestinum
729 2200 831 2260 malum
848 2209 878 2261 et
891 2199 1010 2279 provida
1021 2200 1178 2260 severitate
1190 2217 1242 2261 cu-

231 2284 298 2344 visti
315 2301 351 2343 ne
367 2283 480 2345 lundata
494 2284 608 2361 legibus
623 2286 723 2344 civitas
741 2302 843 2346 eversa
854 2283 968 2362 legibus
978 2283 1133 2344 videretur.
1155 2283 1243 2344 Licet

232 2383 303 2445 crgo
312 2385 375 2427 curn
387 2367 497 2429 iortuna
508 2377 567 2428 tum
580 2368 734 2430 liberalitas
741 2378 787 2429 tua
799 2368 916 2429 visenda
928 2367 1011 2428 nobis
1024 2368 1242 2447 praebuen't,ut

230 2452 377 2531 praebuit,
396 2469 472 2512 nnnc
484 2453 609 2529 ingentia
620 2453 724 2512 robora
737 2455 861 2512 uirorum
880 2461 909 2513 et
923 2469 1007 2529 pares
1018 2453 1142 2529 animos,
1161 2453 1279 2512 runem

231 2537 419 2596 inmanitatem
431 2535 564 2613 ferarum,
572 2555 646 2596 nunc
658 2535 900 2597 mansuetudinem
911 2536 1093 2613 incognitam,
1100 2553 1177 2595 nunc
1189 2553 1240 2595 se-

232 2629 324 2680 cretus
336 2619 399 2680 illas
420 2629 450 2679 et
461 2638 577 2680 arcanas
596 2637 631 2680 ac
643 2621 697 2680 sub
708 2629 737 2681 tc
750 2622 872 2698 primurn
882 2636 1047 2679 communes
1059 2636 1150 2696 opes;
1167 2617 1239 2678 nibil

230 2711 323 2763 tamen
331 2704 449 2780 gratius,
457 2703 525 2763 nibil
538 2703 656 2764 saeculo
669 2705 781 2782 dignius
794 2719 877 2782 quam
889 2701 965 2781 quod
979 2703 1098 2780 contigit
1110 2701 1240 2780 desuper

231 2786 334 2845 intueri
351 2785 508 2846 delatorum
518 2789 618 2866 supina
631 2805 680 2848 ora
690 2797 870 2866 retortasque
884 2788 1025 2848 cervices.
1045 2786 1238 2862 Agnoscebs·

230 2885 293 2928 mus
309 2876 339 2928 et
349 2870 528 2948 inrebamnr,
548 2888 611 2931 cnm
623 2870 704 2932 velut
715 2871 875 2951 piaculares
889 2869 1021 2948 publicae
1032 2869 1280 2931 sollicitudinistto

230 2953 362 3013 victimae
381 2970 466 3031 snpra
485 2957 650 3032 sanguinem
668 2958 815 3015 noxiomm
830 2954 866 3015 ad
878 2952 955 3014 lenta
966 2953 1108 3032 supplicia
1121 2955 1239 3031 gravio·

229 3053 336 3115 resque
350 3052 459 3115 poenas
471 3036 652 3099 ducerentur.
668 3037 807 3117 Congesti
817 3048 882 3100 sunt
894 3040 922 3097 in
934 3039 1045 3115 navigia
1058 3038 1160 3115 raptim
1167 3053 1239 3096 con-

231 3123 332 3200 quisita
344 3139 379 3181 ac
391 3124 608 3201 tempestatibus
622 3123 724 3184 dediti:
741 3125 862 3200 abirent,
875 3121 1009 3199 lugerent
1018 3128 1145 3181 vastatas
1158 3119 1238 3181 dela·

230 3207 355 3266 tionibus
366 3215 472 3274 terrss;
487 3224 523 3267 ac
538 3209 659 3286 siquem
672 3207 774 3269 linctus
787 3225 821 3267 ac
835 3204 981 3285 procellae
996 3202 1126 3282 scopulis
1140 3221 1239 3266 reser-

229 3298 358 3366 vassent,
370 3289 417 3349 bic
428 3290 500 3352 nuda
512 3309 579 3350 saxa
592 3300 621 3351 et
635 3289 803 3370 inhospitale
817 3290 883 3351 litus
895 3287 1051 3366 incoleret,
1070 3297 1173 3364 ageret
1184 3286 1274 3348 dus-tt

230 3389 288 3432 ram
303 3380 333 3431 et
343 3375 451 3432 anxiam
463 3375 565 3452 uitam,
583 3374 741 3452 relictaque
755 3384 821 3454 post
833 3383 943 3450 tergum
956 3375 1043 3434 totius
1055 3373 1175 3449 generis
1185 3370 1237 3430 bu·

181 3457 222 3519 ³5
232 3457 305 3514 mani
316 3458 470 3516 securitate
481 3466 630 3518 maereret.
651 3456 832 3518 llemorsnda
846 3458 947 3534 iacies,
962 3455 1119 3518 delatorum
1131 3455 1236 3517 classis

232 3537 371 3612 permissa
383 3539 513 3599 omnibus
524 3542 618 3602 ventis
632 3549 788 3618 coactaque
800 3541 865 3601 vela
877 3540 1095 3618 tempestatibus
1107 3539 1235 3618 pendere
