2616 4096
651 289 683 352 0.
706 290 804 352 Pthl

686 443 763 504 xvi.

474 541 851 595 0.P1.1N1usntnutm1ntt0
870 542 931 594 SUO
950 541 977 594 S.

198 679 212 730 1
289 663 429 724 Summam
448 672 478 724 tc
499 661 673 743 voluptatem
697 662 867 740 percepisse
894 661 1006 723 existo
1028 663 1218 740 copiosissimo

225 764 334 828 genere
354 745 476 806 venandi
496 762 552 805 non
578 747 683 822 miror,
709 762 773 804 cum
795 744 995 805 historicorum
1017 762 1098 804 more
1120 745 1237 814 scribare

224 848 370 892 numerum
384 830 447 889 iniri
458 847 514 889 nou
529 832 667 907 potuisse.
695 826 787 888 Nobis
798 830 898 888 venari
912 847 967 889 uec
983 838 1064 889 vacat
1075 846 1131 889 nec
1145 828 1218 889 libet:

225 933 282 975 non
296 921 390 992 vacat,
407 914 472 992 quia
486 913 645 972 vindemiae
658 913 686 970 io
697 912 836 989 manibus,
851 929 909 971 nou
918 911 1001 990 linet,
1017 913 1083 990 quia
1097 914 1218 990 exiguae.

197 995 399 1067 nllavehimus
423 1005 516 1056 tamen
537 1012 590 1076 pro
610 1012 686 1055 novo
707 1003 800 1056 musto
821 1011 914 1056 novos
937 995 1100 1057 versiculos
1122 997 1220 1074 tibique

224 1080 428 1141 iucundissime
445 1081 589 1158 exigenti,
608 1089 638 1140 ut
656 1080 776 1159 primurn
787 1077 958 1140 videbuntur
972 1077 1152 1157 defervisse,
1166 1081 1219 1140 mit·

223 1174 324 1226 temus.
357 1162 438 1224 Vale.
1227 1177 1251 1228 tc

682 1294 772 1359 XVII.

495 1395 523 1446 c.
540 1395 665 1448 verutus
682 1393 837 1446 cunrronu
851 1393 912 1446 suo
932 1395 959 1450 S.

202 1537 216 1586 1
289 1515 402 1596 Recepi
427 1514 536 1576 litteras
562 1523 642 1590 tuas,
669 1515 771 1594 quibus
794 1516 923 1594 quereris
942 1513 1038 1574 taedio
1063 1515 1117 1575 tilri
1142 1514 1222 1574 fuisse

227 1601 355 1679 quamvis
380 1599 562 1660 lautissimam
584 1615 700 1676 cenam,
725 1599 789 1676 quia
812 1615 930 1658 scurrae
953 1596 1063 1658 cinaedi
1084 1599 1221 1659 moriones
1229 1607 1252 1659 lt
1287 1607 1288 1614 ’

199 1685 331 1753 emensis
345 1683 515 1744 inerrabant.
544 1681 596 1742 Vis
610 1689 640 1742 tu
652 1683 796 1742 remittere
810 1680 916 1761 eliquid
930 1699 967 1742 ex
981 1679 1081 1759 rugis?
1097 1681 1222 1761 equidem

225 1767 293 1827 nihil
311 1767 367 1829 tale
381 1766 493 1844 liabeo,
508 1765 648 1826 habentes
662 1775 757 1826 tamen
776 1765 851 1825 iero.
883 1763 942 1824 Gur
959 1783 1029 1844 ergo
1042 1783 1099 1826 nou
1116 1761 1222 1826 habeol

226 1852 290 1930 quia
304 1868 482 1930 nequaquam
496 1867 541 1910 me
558 1858 589 1909 ut
605 1851 832 1928 inexspectatum
849 1848 1019 1910 festivumve
1036 1849 1178 1925 delectat,
1201 1849 1221 1908 si

226 1933 293 2013 quid
313 1933 432 1993 molles
454 1930 589 2009 cinaedo,
610 1931 743 2011 petulans
762 1951 779 1992 a
800 1949 916 2009 scurra,
939 1932 1055 1993 stultum
1068 1951 1085 1992 a
1099 1934 1222 1992 morione

198 2014 378 2096 aproiertur.
417 2014 482 2075 Non
502 2017 638 2076 rationem
658 2015 711 2077 sed
734 2016 909 2077 stomachum
928 2015 980 2076 tibi
1000 2035 1092 2076 narro.
1127 2016 1255 2094 liquem

226 2099 300 2159 adeo
315 2116 398 2177 quam
411 2097 515 2159 multos
529 2107 612 2176 putas
628 2118 712 2177 esse,
734 2117 807 2178 quos
823 2118 857 2160 ca
873 2099 975 2178 quibus
991 2117 1047 2178 ego
1063 2108 1092 2160 et
1105 2109 1138 2159 tu
1154 2100 1224 2177 cepi-

225 2200 287 2243 mur
301 2187 330 2242 et
344 2181 473 2242 ducimur
491 2184 592 2261 partim
606 2193 637 2244 ut
650 2185 747 2261 inepta
760 2184 861 2261 partim
876 2193 906 2242 ut
924 2183 1127 2245 molestissima
1140 2183 1223 2244 olien-

225 2262 312 2326 danti
339 2266 430 2340 Quam
450 2265 547 2342 multi,
569 2284 631 2326 curn
653 2266 747 2327 lector
762 2275 809 2326 aut
822 2265 937 2343 lyristes
953 2275 999 2326 aut
1017 2267 1174 2328 comoedus
1188 2269 1224 2324 iu·

225 2351 327 2411 ductus
349 2360 411 2429 est,
435 2349 550 2411 calceos
571 2360 711 2428 poscunt,
737 2360 855 2410 autnon
871 2352 979 2411 minore
995 2369 1058 2409 curn
1073 2351 1224 2411 taediorc·
1289 2399 1290 2414 .

226 2434 340 2511 cubant,
362 2452 445 2514 quam
465 2443 496 2494 tn
517 2435 571 2494 ista
592 2434 651 2513 (sic
672 2436 745 2494 euim
765 2432 911 2515 appellas)
926 2433 1056 2514 prodigia
1069 2443 1256 2514 perpessure

199 2515 281 2584 les?
309 2517 418 2579 Demus
438 2519 525 2596 igitur
544 2515 644 2577 alienis
668 2517 905 2578 oblectationibus
918 2520 1046 2596 veniam,
1071 2525 1103 2578 ut
1123 2517 1225 2578 nostris

224 2604 411 2680 impetremus.
442 2601 525 2662 Vale.

671 2733 777 2795 xvlll.

512 2834 539 2888 o.
558 2833 685 2886 ocrnrus
701 2834 818 2886 snorno
838 2835 898 2887 suo
917 2834 944 2888 s,
1232 2859 1257 2910 3„

200 2951 210 3001 1
287 2935 350 3010 Qua
365 2939 538 3014 intentione,
561 2956 618 3018 quo
635 2940 747 3018 studio,
768 2958 823 3019 qua
835 2939 958 3018 denique
972 2941 1107 3018 memqrie
1121 2938 1227 3016 legeris

225 3021 342 3083 libellos
357 3039 439 3084 meos
462 3023 585 3101 epistula
604 3033 652 3084 tue
667 3024 801 3086 ostendit.
823 3022 891 3104 lpse
905 3026 994 3100 igitur
1008 3023 1129 3084 exhibes
1140 3039 1226 3099 nego

225 3107 293 3166 tium
307 3105 376 3184 tibi,
398 3108 446 3185 qui
467 3105 550 3167 elicis
571 3116 601 3167 et
620 3109 721 3170 invitas
742 3117 772 3168 ut
791 3125 873 3186 quarn
888 3106 1007 3186 plurima
1022 3107 1226 3166 communicem

199 3198 322 3251 2tecum
339 3190 433 3251 velim.
465 3190 592 3261 Faciam
613 3209 666 3269 per
685 3201 782 3272 partes
799 3201 893 3252 tamen
908 3201 937 3252 et
952 3193 1032 3270 quasi
1047 3190 1176 3267 digesta,
1192 3205 1227 3248 ne

225 3275 306 3334 istam
322 3276 411 3354 ipsam
426 3277 588 3336 memoriam
603 3277 649 3334 cui
664 3278 770 3354 gratias
782 3293 838 3353 ago
853 3274 1021 3336 adsiduitate
1035 3283 1065 3334 et
1076 3276 1159 3352 copia
1171 3278 1261 3335 toret

224 3357 292 3416 bem
307 3369 507 3439 oneratamque
523 3370 552 3421 et
566 3361 647 3439 quasi
661 3377 831 3440 oppressam
846 3376 947 3440 cogam
961 3358 1089 3438 pluribus
1107 3355 1226 3435 singule.

224 3443 432 3518 posterioribus
449 3445 544 3522 priore
559 3442 708 3504 dimittere.
741 3442 823 3504 Vale.
