2632 4102
202 305 243 369 38
629 302 664 364 0.
682 301 780 364 Pthl

146 441 149 447 ¹
178 475 254 530 evas
275 466 304 518 et
324 455 496 536 longinquos
515 458 633 534 respicit
652 464 774 518 montes:
806 455 897 518 Huius
919 475 935 517 a
956 453 1039 517 laeva
1058 459 1214 519 retractius

204 541 289 621 paulo
305 538 469 601 cubiculum
484 549 529 600 est
543 539 684 619 amplum,
697 539 801 601 deinde
817 539 892 601 aliud
905 541 1009 618 minus,
1028 540 1104 618 quod
1118 538 1215 602 altera

203 627 331 686 fenestra
348 624 465 686 admittit
479 627 636 700 orientem,
660 624 840 684 occidentem
860 622 949 684 altera
962 625 1083 700 retinet,
1105 623 1159 684 hac
1180 635 1213 684 et

178 710 355 776 'tsubiacens
371 725 448 768 mare
470 706 585 784 longius
602 707 716 786 quidem
734 707 786 767 sed
804 709 935 768 securius
951 709 1085 767 intuetur.
1117 706 1211 768 Huius

205 790 331 856 cubiculi
346 800 375 852 et
391 789 494 851 triclini
507 789 585 851 illius
601 792 715 851 obiectu
732 789 885 851 includitur
898 791 1030 869 angulus,
1050 792 1098 868 qui
1116 793 1248 868 puris-5

205 879 306 940 simum
325 873 417 936 solem
437 875 563 934 eontinet
587 883 616 935 et
636 873 778 935 accendit.
811 873 875 934 Hoc
896 873 1127 952 hibemaculum,
1150 873 1210 936 hoc

205 962 290 1021 etiem
304 959 481 1036 gymnasium
494 974 623 1018 meorum
637 966 697 1019 est:
716 958 755 1018 ibi
770 975 869 1020 omnes
883 957 970 1018 silent
984 959 1062 1018 venti
1077 960 1210 1035 exceptis
1311 1003 1312 1012 ,

206 1045 254 1123 qui
273 1040 401 1102 nubilum
416 1041 551 1103 inducunt
573 1050 603 1102 et
623 1058 756 1102 serenum
775 1050 841 1102 ante
863 1059 946 1119 quarn
968 1059 1050 1102 usum
1070 1040 1129 1101 loci
1152 1043 1211 1100 eri-
1311 1087 1312 1096 ,

178 1129 295 1207 epiunt.
315 1123 484 1186 Adneotitur
498 1124 602 1202 angulo
619 1123 782 1185 cubiculum
792 1127 820 1184 in
830 1123 948 1202 hapsida
960 1134 1116 1200 curvatum,
1131 1124 1210 1202 quod

205 1210 339 1271 ambitum
360 1209 430 1270 solis
452 1199 587 1270 ferlestris
607 1209 737 1270 omnibus
758 1211 898 1288 sequitur.
926 1207 1028 1268 Parieti
1044 1210 1105 1268 eius
1120 1209 1148 1267 in
1166 1209 1210 1267 bi·
1225 1225 1262 1276 lo

206 1292 368 1354 bliotbecae
383 1294 512 1371 speciem
526 1295 673 1354 armarium
686 1293 823 1354 insertum
838 1301 895 1369 est,
908 1291 985 1370 quod
998 1309 1055 1352 non
1066 1290 1209 1369 legendos

182 1375 295 1438 alibros
310 1376 364 1436 sed
379 1375 549 1436 lectitandos
567 1377 652 1454 capit.
681 1373 825 1436 Adhaeret
841 1375 1032 1436 dormitorium
1052 1374 1210 1434 membrum

206 1461 324 1521 transitu
344 1461 547 1536 interiacente,
574 1461 621 1536 qui
637 1476 795 1536 suspensus
818 1469 848 1518 et
869 1457 1013 1519 tubulatus
1034 1467 1210 1537 conceptum

204 1559 342 1622 vaporem
360 1541 466 1602 salubri
487 1551 710 1620 temperamento
730 1541 786 1602 buc
805 1541 876 1603 illuc
893 1543 995 1620 digerit
1017 1551 1046 1602 ct
1060 1544 1207 1603 ministrat.
1255 1611 1261 1620 Ι

206 1625 329 1704 Reliqua
343 1643 408 1704 pars
428 1625 525 1686 lateris
540 1625 623 1685 huius
639 1644 787 1686 servorum
802 1625 1026 1705 libertorumque
1043 1627 1140 1688 usibus
1155 1624 1206 1685 de·
1220 1634 1257 1686 15

206 1713 327 1788 tinetur,
352 1709 498 1788 plerisque
520 1718 576 1771 tarn
596 1709 705 1769 mundis
726 1720 766 1770 ut·
777 1711 912 1788 accipere
933 1708 1063 1788 hospites
1085 1711 1207 1788 possint.

167 1793 251 1858 rottx
262 1793 318 1854 alio
332 1791 422 1854 latere
441 1792 603 1853 cubiculum
619 1803 664 1854 est
679 1792 894 1871 politissimum
911 1793 1012 1856 deinde
1027 1792 1074 1854 vel
1090 1794 1207 1854 cubicu·
1311 1863 1312 1876 χ

208 1877 265 1936 lurn
282 1876 390 1953 grande
405 1875 454 1936 rel
471 1877 582 1937 modica
597 1879 725 1954 cenatio,
748 1895 822 1957 quae
838 1876 961 1956 plurimo
981 1877 1062 1954 sole,
1084 1877 1208 1956 plurimo

207 1960 275 2020 mari
295 1959 388 2028 lucet;
412 1968 479 2037 post
495 1958 567 2021 hano
583 1961 745 2021 cubiculum
764 1979 828 2022 cum
842 1972 1037 2038 procoetone,
1059 1960 1207 2022 altitudine
1311 1999 1312 2036 3

207 2043 356 2117 aestivum,
372 2044 551 2104 munimentis
565 2043 727 2104 hibernum:
744 2054 788 2105 est
803 2046 877 2105 enirn
891 2045 1062 2104 subductum
1077 2045 1255 2107 omnibus-ro
1311 2039 1312 2044 ’

207 2128 310 2187 ventis.
332 2125 404 2185 Huic
419 2126 553 2187 cubiculo
564 2126 640 2188 aliud
655 2138 684 2188 et
699 2137 859 2206 procoeton
874 2129 1013 2187 communi
1027 2128 1134 2205 pariete
1146 2129 1207 2186 iun·
1311 2133 1312 2160 ³

166 2223 198 2275 11
207 2219 320 2287 guntur.
340 2208 409 2270 lnde
423 2209 517 2270 balnei
532 2209 606 2271 cella
619 2211 760 2289 frigidaria
774 2210 900 2290 spatiosa
914 2222 943 2272 et
960 2211 1067 2288 effusa,
1082 2212 1163 2270 ouius
1179 2212 1209 2270 in
1311 2179 1312 2256 l

208 2294 356 2354 contrariis
382 2295 537 2372 parietibus
565 2294 622 2355 duo
648 2295 810 2374 baptisteria
832 2294 911 2356 velut
934 2296 1028 2355 eiecta
1051 2295 1206 2372 sinuantur,

207 2377 319 2438 abunde
335 2378 467 2455 capacia,
489 2379 514 2437 si
531 2395 606 2440 mare
623 2380 652 2438 in
671 2381 801 2458 proximo
819 2381 941 2457 cogites.
972 2377 1092 2440 Adiacet
1106 2386 1207 2438 uncto·

69 2517 73 2524 .
166 2531 171 2538 ,
205 2461 288 2538 dum,
305 2460 513 2541 hypocauston,
529 2461 640 2524 adiacet
655 2464 834 2542 propnigeon
847 2462 962 2540 balinei,
978 2478 1044 2521 mox
1059 2460 1131 2523 duae
1146 2461 1206 2522 ccl·
1216 2465 1251 2518 25

207 2544 253 2606 lac
266 2546 357 2623 magis
372 2544 522 2623 elegantes
534 2564 617 2625 quarn
628 2557 828 2625 sumptuosae:
844 2546 980 2608 cohaeret
995 2544 1085 2606 calida
1097 2545 1208 2623 piscina

167 2638 200 2691 ts
207 2629 340 2706 mirifica,
359 2648 396 2690 ex
413 2647 468 2707 qua
480 2639 608 2691 natantes
623 2647 700 2690 mare
713 2631 870 2710 aspiciunt,
891 2648 947 2690 nec
961 2628 1063 2708 procul
1079 2627 1207 2707 sphaeri-

208 2712 342 2789 sterium,
358 2713 436 2792 quod
453 2711 624 2774 calidissimo
639 2712 694 2772 soli
707 2713 842 2774 inclinato
857 2714 912 2776 iarn
927 2713 974 2774 dic
990 2713 1125 2773 occurrit.
1152 2710 1207 2772 llic

209 2795 292 2855 turris
314 2796 449 2873 erigitur,
470 2795 523 2854 sub
540 2813 595 2874 qua
610 2796 719 2856 diaetae
739 2797 827 2874 duae,
848 2796 966 2858 totidem
980 2797 1008 2854 in
1023 2797 1101 2874 ipsa,
1123 2813 1206 2874 prae·

209 2888 288 2939 terea
303 2880 428 2955 cenatio,
445 2896 518 2957 quae
533 2877 699 2940 latissimum
712 2897 801 2958 mare,
815 2879 1012 2959 longissimum
1027 2880 1106 2956 litus,
1121 2877 1205 2939 villas
1214 2886 1250 2940 30

165 2973 200 3029 13
208 2962 420 3022 amoenissimas
440 2963 591 3041 prospicit.
616 2961 670 3023 Est
684 2972 714 3024 ct
728 2963 782 3025 ulia
796 2966 895 3024 turris:
918 2966 946 3024 iu
962 2963 1015 3024 hac
1032 2961 1205 3039 cubiculum,
1311 2961 1312 3034 Ῑ

207 3046 304 3124 inquo
317 3043 363 3106 sol
372 3047 497 3106 nascitur
508 3047 709 3126 conditurque:
720 3046 777 3108 lata
786 3056 854 3127 post
864 3049 1006 3126 apotheos
1018 3056 1047 3108 et
1057 3047 1206 3107 horreum:

207 3129 260 3188 sub
274 3128 331 3189 hoc
344 3129 506 3208 triclinium,
523 3129 599 3209 quod
613 3131 715 3191 turbati
730 3132 813 3192 maris
824 3148 881 3192 non
892 3132 945 3192 nisi
957 3131 1100 3209 fragorem
1114 3139 1143 3190 et
1158 3147 1205 3189 so·
1311 3141 1312 3152 ¹

206 3230 273 3272 num
287 3214 400 3291 patitur,
418 3231 540 3294 eumque
556 3215 610 3274 iam
621 3213 783 3294 languidum
796 3222 827 3276 et
840 3214 1034 3284 desinentem
1050 3213 1162 3275 hortum
1176 3224 1206 3274 et
1311 3287 1312 3292 γ

165 3309 199 3364 14
207 3299 396 3376 gestationem
410 3297 504 3375 videt,
527 3315 583 3376 qua
603 3296 701 3359 hortus
716 3297 877 3358 includitur.
906 3297 1034 3359 Gestatio
1056 3299 1134 3358 buxo
1157 3305 1245 3359 aut35
1311 3365 1312 3368 Ἴ

205 3397 272 3441 rore
287 3383 405 3459 marino,
421 3381 469 3441 ubi
484 3381 579 3442 dcdcit
592 3382 696 3459 buxus,
711 3381 845 3442 ambitu:
856 3400 919 3444 nam
933 3382 1037 3458 buxus,
1055 3399 1111 3461 qua
1125 3389 1204 3462 parte
1311 3437 1312 3442 ,

207 3463 368 3524 deienditur
382 3467 484 3542 tectis,
499 3465 611 3527 abunde
628 3467 716 3534 viret;
731 3475 830 3544 aperto
847 3464 930 3528 caclo
944 3474 1103 3545 apertoque
1117 3473 1203 3524 vento
1311 3523 1312 3526 ,

165 3554 198 3606 15
207 3555 237 3608 et
260 3565 426 3628 quamquam
449 3547 604 3628 longinqua
628 3549 780 3626 aspergine
805 3552 888 3612 maris
911 3551 1054 3612 inarescit.
1086 3547 1204 3609 Adiacet
1311 3625 1312 3648 χ
