2614 4104
375 285 812 354 renuntiationemque
1040 287 1103 355 28³

95 459 159 504 tnnc
179 439 288 502 reditus
302 442 421 518 egregia
437 442 639 504 constitutione
654 439 829 503 fundaverat.
857 438 919 503 lloc
931 443 1040 504 meatui
1054 442 1102 502 ad-

96 524 249 603 legandum
264 525 377 600 putasti.
416 521 475 584 Gur
488 526 563 584 enirn
577 532 607 584 te
622 526 771 604 principe,
795 526 842 604 qui
856 528 972 602 generis
987 527 1027 586 tni
1046 526 1102 586 cla-

95 612 209 670 ritatem
229 608 332 669 virtute
355 610 514 686 superasti,
541 607 667 670 deterior
689 617 769 669 esset
789 608 913 670 conditio
934 627 1032 670 eorum
1054 611 1101 688 qui

94 701 232 772 posteros
251 690 358 753 babere
377 691 489 752 nobiles
504 701 682 754 mererentur
696 709 778 770 quam
794 707 891 754 eorurn
908 694 956 772 qui
969 701 1102 771 parentes

67 771 282 840 5babnissentl
313 774 336 834 0
353 784 383 835 te
402 774 515 853 dignum
530 777 578 854 qui
592 773 628 836 dc
641 776 971 860 magistratibusncstris
986 794 1102 855 semper

94 862 168 922 baec
186 859 315 936 nunties,
340 875 395 920 nec
415 861 518 938 poenis
531 857 667 920 malorum
681 859 734 921 sed
749 859 887 921 bonorum
902 860 1033 937 praemiis
1050 861 1101 920 bo·

94 961 152 1006 nos
165 941 269 1005 incias!
291 943 426 1004 Accensa
439 952 485 1004 est
499 945 646 1021 iuuentus,
665 944 814 1022 erexitque
827 946 936 1006 animos
955 943 992 1004 ad
1005 961 1101 1006 aemu-

93 1027 208 1090 landum
222 1024 298 1104 quod
313 1025 420 1086 laudari
433 1026 565 1104 ridebat,
580 1045 635 1087 nec
646 1027 699 1087 init
709 1029 858 1107 quisquan
869 1047 953 1107 mem
964 1045 1020 1090 non
1031 1028 1103 1089 baec

96 1112 234 1189 cogitatio
250 1110 374 1187 subiret,
393 1128 457 1170 cum
473 1111 578 1188 sciret,
595 1109 729 1190 quidquid
744 1129 760 1171 e
775 1129 890 1191 quoque
903 1114 932 1172 iu
947 1113 1103 1190 provinciis

48 1195 173 1262 lobene
195 1195 295 1272 lieret,
316 1195 409 1254 omnia
427 1203 458 1256 te
478 1196 566 1256 seire.
601 1193 677 1254 Utile
700 1204 763 1271 est,
785 1193 908 1272 Caeam,
931 1206 961 1256 et
979 1194 1103 1257 salutare

91 1278 275 1359 praesidibus
290 1279 497 1356 provinciarum
516 1277 590 1338 hene
603 1276 710 1338 bebere
725 1277 871 1356 fiduciam,
894 1288 1020 1358 peratum
1035 1297 1103 1340 esse

94 1363 237 1426 sanctitati
249 1370 279 1422 et
289 1361 442 1422 industriae
455 1379 524 1424 suae
534 1361 681 1424 maximum
693 1363 864 1441 praemium,
882 1362 1014 1423 iudicium
1026 1364 1101 1441 prin·

95 1448 187 1526 cipis,
216 1446 380 1523 suffragium
399 1446 547 1525 principis.
578 1444 681 1506 Adbuc
701 1454 795 1508 autem
815 1445 969 1526 quamlibet
989 1449 1101 1508 sincera

92 1539 234 1608 rectaque
247 1529 375 1606 ingenia,
397 1531 452 1590 etsi
473 1545 530 1590 non
550 1527 753 1609 detorquebat,
775 1531 930 1592 hebetabat
943 1541 1036 1592 tamen
1051 1532 1101 1590 mi·

51 1627 163 1682 resera
184 1612 237 1674 sed
251 1631 320 1673 vcra
340 1615 500 1690 reputatio,
528 1612 621 1674 ‘rides
643 1615 732 1674 enim:
761 1616 786 1674 ci
807 1613 875 1693 quid
897 1614 1099 1690 benefecero,

94 1701 170 1762 sciet
184 1694 310 1760 Caesar?
332 1705 379 1756 aut
401 1699 426 1760 si
445 1698 559 1773 scierit,
581 1699 771 1758 testimonium
791 1696 926 1760 reddet'l
944 1696 986 1758 lta
1001 1697 1100 1758 eadern

93 1781 144 1844 illa
158 1799 210 1841 seu
224 1779 408 1858 neglegentia
422 1798 475 1842 seu
488 1780 646 1858 malignitas
661 1783 834 1860 principum,
857 1801 921 1842 cum
940 1781 1014 1842 male
1032 1799 1100 1842 con·

93 1865 179 1927 sultis
194 1866 400 1942 inpunitatem,
409 1859 501 1926 'recte
516 1863 600 1924 metis
614 1864 721 1925 nullum
734 1868 889 1944 praemium
903 1865 1100 1944 polliceretur,

94 1967 152 2012 nec
172 1947 272 2010 illesa
293 1949 411 2008 crimina
440 1958 470 2008 et
485 1948 539 2009 bos
560 1948 723 2024 deterrebat
742 1967 758 2010 a
778 1949 872 2010 laude.
903 1951 942 2010 At
957 1967 1049 2025 nunc,
1075 1951 1101 2010 si

49 2047 86 2100 no
95 2035 173 2094 bene
186 2031 287 2110 aliquis
301 2031 475 2111 provinciam
494 2035 618 2108 rexerit,
636 2033 704 2094 huic
718 2035 845 2112 quaesita
860 2034 964 2095 virtute
979 2033 1101 2110 dignitas

95 2117 226 2178 oilertur.
256 2115 338 2177 Pntct
358 2117 433 2176 enim
450 2116 579 2176 omnibus
594 2116 711 2180 honoris
733 2126 764 2178 et
783 2115 893 2194 gloriae
912 2133 1045 2196 campus:
1065 2135 1102 2178 ex

94 2202 153 2262 boc
168 2202 289 2278 quisque
304 2199 382 2278 quod
398 2201 476 2277 cupit
490 2208 586 2278 petet,
609 2210 638 2261 et
650 2200 806 2262 adsecutus
823 2202 877 2263 sibi
892 2201 1005 2262 debeat.
1033 2201 1101 2261 Pro·

94 2285 199 2346 vinciis
221 2300 337 2362 quoque
354 2285 382 2344 in
399 2293 546 2361 posterum
560 2293 589 2343 et
603 2286 764 2344 iniuriarum
781 2294 886 2347 metum
903 2294 932 2346 et
948 2284 1100 2345 accusandi

95 2369 300 2430 necessitatem
313 2368 457 2428 remisisti.
485 2365 557 2426 Nam
577 2368 601 2430 si
618 2367 777 2446 profuerint
790 2367 894 2446 quibus
910 2370 1015 2444 gratius
1030 2386 1101 2444 ege·

49 2465 86 2520 25
95 2455 170 2529 rint,
192 2451 228 2512 de
241 2449 321 2512 nullo
337 2453 417 2530 queri
431 2459 581 2529 cogentur.
615 2450 710 2512 Decet
724 2450 829 2529 alioqui
845 2449 915 2510 nibil
928 2453 1018 2528 tnagis
1033 2467 1101 2529 pro·

95 2536 183 2598 desse
202 2534 348 2598 candidato
362 2534 397 2594 ad
411 2544 567 2614 sequentes
581 2533 707 2596 bonores
721 2551 804 2612 quam
816 2543 962 2612 peractos.
986 2534 1101 2613 Optime

94 2621 275 2698 magistratus
290 2621 471 2696 magistratu,
487 2617 596 2680 bonore
611 2618 702 2679 bonor
716 2621 830 2697 petitur.
868 2617 944 2680 Volo
962 2635 1035 2696 ego,
1053 2619 1101 2696 qui

97 2705 273 2784 provinciam
286 2705 394 2766 rexerit
407 2720 463 2762 non
477 2711 583 2762 tantum
596 2701 746 2764 codicillos
760 2704 915 2762 amicorum
925 2721 980 2763 nec
996 2701 1102 2763 urbana

97 2789 291 2850 coniuratione
305 2785 461 2848 eblanditus
472 2801 578 2865 preces
589 2785 642 2846 scd
652 2786 770 2847 decreta
782 2784 967 2861 coloniarum,
984 2785 1102 2848 decreta

50 2873 241 2936 boninitatum
263 2870 389 2947 adleget.
417 2869 496 2932 Rene
514 2868 657 2947 suffragiis
673 2868 862 2930 consularium
875 2871 999 2932 virorum
1014 2869 1102 2931 nrbes

96 2953 198 3035 populi
210 2963 313 3033 gentes
328 2957 499 3014 inseruntur.
524 2952 760 3014 llilicacissimum
775 2971 829 3033 pro
843 2953 992 3016 candidato
1007 2971 1100 3033 genus

95 3049 143 3104 est
158 3037 277 3117 rogandi
291 3039 397 3115 grntias
411 3055 509 3115 egere.
532 3036 590 3096 lam
605 3054 661 3116 quc
677 3038 800 3100 adsensu
811 3047 944 3116 senatus,
960 3056 1018 3117 quo
1030 3055 1099 3114 gnu-
1110 3035 1150 3101 71

95 3124 143 3186 dio
164 3132 318 3202 exceptum
333 3131 395 3200 est,
417 3139 481 3182 cum
496 3121 666 3199 candidatis,
688 3132 720 3182 ut
735 3140 878 3200 quemque
892 3124 1099 3196 nominaveras,

95 3206 198 3270 osculo
219 3224 405 3282 occurreres,
428 3205 555 3266 devexus
570 3205 684 3284 quidem
698 3208 727 3266 in
746 3204 859 3284 plenum
877 3215 907 3266 et
928 3206 1009 3282 quasi
1029 3222 1101 3266 unus

51 3301 137 3358 snex
152 3288 373 3369 gratulantibus!
402 3287 444 3349 Te
465 3290 551 3350 mirer
572 3291 661 3367 magis
683 3307 718 3350 au
739 3288 889 3368 inprobum
907 3287 974 3348 illos
995 3289 1044 3367 qui
1058 3286 1101 3347 ei·

95 3375 227 3436 fecerunt
241 3383 273 3435 ut
290 3372 367 3436 istud
386 3389 516 3450 magnum
531 3373 692 3450 videretur,
720 3389 784 3432 cum
799 3369 881 3432 velut
895 3371 979 3432 adfixi
996 3369 1100 3432 curuli-

95 3459 149 3520 bur
162 3459 223 3520 sui-s
240 3475 350 3518 mum
367 3465 486 3534 tantum,
513 3466 542 3517 et
556 3456 629 3518 banc
644 3463 810 3517 cunctanter
822 3463 853 3516 et
872 3456 955 3533 pigre
974 3463 1004 3514 et
1018 3455 1100 3532 iupa·
1297 3413 1298 3505 l

95 3541 219 3604 tentibus
235 3538 343 3604 similes
358 3537 545 3620 promerenti
564 3537 691 3618 contigit
706 3555 778 3613 crgo
793 3537 886 3600 oculis
900 3540 1005 3600 nostris
1020 3539 1099 3600 insc-
