2632 4096
170 237 231 300 rea
518 313 521 320 ,
594 240 628 301 o.
649 238 748 302 annu

145 393 272 458 trimum
286 391 363 470 quod
376 393 496 452 maxime
514 392 623 470 funeri,
646 393 809 454 debebatur.
839 391 991 454 Praeterea
1009 403 1087 455 tauto
1104 411 1171 456 cou-

157 483 257 536 ‘seusu
278 475 427 554 rogabatis
448 485 479 537 ut
499 493 606 560 negare
620 493 676 537 non
692 485 824 536 constans
840 475 891 536 sed
905 475 1004 536 durum
1016 477 1169 539 videretur.

169 557 243 620 Illud
259 577 374 639 quoque
390 561 511 637 egregie
532 557 609 638 quod
623 568 679 619 tam
693 558 803 636 facilis,
823 567 880 618 tam
900 557 1027 622 liberalis
1040 563 1068 620 iu
1084 561 1171 622 eden-

142 643 206 709 ddo
221 642 308 704 iuiati.
330 641 401 704 Natu
415 661 469 723 per
483 643 554 704 baec
569 643 653 704 etiam
666 659 786 721 mugnus
796 643 902 702 animm
914 643 1080 703 ostenditur.
1102 643 1170 705 Vel·

169 724 227 788 leun
247 726 399 788 Africanae
422 745 492 806 quas
515 731 662 786 coemeras
685 725 819 805 plurimas
838 724 875 784 ad
895 727 1071 804 praefinitum
1095 727 1196 790 diemo

169 810 378 871 occurrissent:
397 810 450 871 sed
471 809 540 870 licet
559 810 734 870 cessaverint
754 807 819 868 illae
840 816 1009 888 tempestate
1026 811 1169 890 detentae,

169 902 199 954 tu
217 903 310 954 tamen
329 894 457 953 meruisti
476 901 506 952 ut
519 901 670 970 acceptum
683 893 732 953 tibi
748 893 829 952 fieret
843 891 919 971 quod
934 910 991 971 quo
1012 896 1103 955 minus
1121 913 1170 955 cx-

169 976 283 1037 hiberes
299 992 356 1035 non
371 994 424 1056 per
439 985 468 1036 te
480 978 568 1037 stetit.
600 975 681 1036 Vale.

572 1169 777 1178 ‘'m’‘
1181 1159 1216 1210 to

394 1324 429 1405 o.
458 1322 566 1460 ιιιιιι
595 1321 750 1403 omem
778 1319 951 1402 suenoni
1106 1379 1107 1384 ι

290 1481 1044 1596 drttdbttttbtt
1180 1568 1209 1618 Ι.

1196 1583 1212 1618 o

519 1672 617 1730 LIBER
639 1672 818 1730 SEPTIMUS.

454 1927 482 1980 G.
501 1927 626 1978 PLlNIUS
641 1925 762 1979 dommo
780 1926 839 1978 SUO
858 1927 885 1977 S.
1176 1987 1213 2038 2⁰

145 2059 158 2109 l
229 2041 330 2102 Terret
349 2061 394 2103 me
415 2045 486 2104 baec
501 2054 548 2104 tua
568 2055 624 2104 tam
640 2047 768 2125 pertinax
782 2042 931 2120 valetudo,
953 2053 982 2103 et
1003 2061 1170 2123 quamquam

170 2135 199 2185 te
212 2127 496 2204 temperantIssimum
510 2129 653 2206 noverim,
675 2145 779 2188 vereor
792 2137 884 2187 tamen
897 2145 934 2186 ne
950 2126 1017 2205 quid
1030 2125 1071 2186 illi
1086 2129 1169 2186 etiam

144 2211 197 2274 ain
211 2226 305 2270 mores
321 2218 385 2271 tuos
400 2208 494 2270 liceat.
526 2210 646 2271 Proinde
667 2227 770 2271 moneo
786 2212 926 2290 patienter
947 2211 1080 2271 resistas:
1112 2209 1169 2270 boo

167 2292 326 2372 laudabile,
343 2295 399 2354 boc
414 2291 544 2354 salutare.
577 2293 704 2356 Admittit
719 2295 835 2354 bumana
849 2304 946 2354 natura
961 2293 1036 2372 quod
1050 2293 1167 2353 suadeo.

145 2376 238 2456 dlpsa
259 2387 339 2438 certe
359 2379 402 2438 sio
422 2395 509 2456 agere
528 2395 612 2438 sonus
633 2396 698 2438 cum
715 2379 786 2438 meis
802 2376 901 2438 soleo:
926 2382 1026 2456 ‘sporo
1042 2376 1212 2455 quidem‚p5

169 2463 194 2522 si
209 2461 284 2522 forte
298 2461 327 2521 in
340 2461 488 2522 adversam
507 2461 695 2523 valetudinem
715 2461 860 2538 incidero,
878 2459 946 2520 nibil
961 2478 1006 2521 me
1022 2459 1168 2521 desidera·

167 2557 259 2607 turum
273 2544 320 2606 vel
335 2543 504 2624 pudore,vel
516 2545 688 2624 paenitentia
701 2544 829 2622 dignum:
844 2544 868 2604 si
883 2554 976 2605 tamen
990 2543 1169 2625 superaverit

168 2629 294 2707 morbus,
308 2628 439 2692 denuntio
451 2648 487 2690 ne
499 2630 564 2709 quid
576 2629 641 2688 mibi
654 2628 727 2689 detis
738 2627 792 2688 nisi
802 2628 1027 2707 permittentibus
1037 2626 1167 2702 medicis,

170 2713 334 2793 sciatisque,
348 2715 372 2774 si
386 2713 538 2792 dederitis,
552 2715 590 2773 ita
604 2713 806 2772 vindicaturum
826 2720 856 2771 ut
870 2710 964 2771 solent
975 2711 1022 2771 alii
1035 2727 1106 2790 quae
1118 2728 1168 2769 na·

143 2801 292 2874 agantur!
315 2794 387 2868 Quin
402 2799 485 2857 etiarn
500 2815 563 2856 eum
580 2805 712 2874 perustus
727 2794 921 2856 ardentissima
934 2792 1034 2873 febre,
1056 2793 1212 2865 taudemao

168 2881 304 2938 remissus
330 2887 489 2957 unctusque
511 2881 673 2958 acciperem
693 2897 709 2938 a
731 2878 843 2938 medico
865 2879 1027 2958 potionem,
1052 2879 1169 2956 porrexi

168 2979 278 3022 manum
295 2971 383 3040 utque
403 2970 532 3039 tangeret
551 2962 625 3039 dixi,
646 2962 844 3042 admotumque
865 2963 919 3022 iam
932 2960 1018 3022 labris
1034 2960 1169 3038 poculum

145 3045 287 3109 ereddidi.
321 3042 424 3105 Postea
444 3063 507 3105 cnm
526 3048 683 3108 vicensimo
703 3045 870 3107 valetudinis
891 3045 938 3105 dia
959 3044 1071 3104 balineo
1085 3061 1169 3122 prae·

168 3148 285 3210 parerer
299 3137 516 3209 mussantesque
531 3129 659 3191 medicos
672 3139 794 3210 repente
814 3129 965 3206 vidissem,
987 3144 1100 3187 causam
1121 3144 1168 3187 re·

168 3215 278 3292 quisivi.
299 3212 518 3294 Responderunt
532 3230 620 3294 posse
633 3232 678 3273 me
688 3223 749 3275 tuto
761 3213 859 3290 lavari,
875 3227 932 3272 uon
947 3221 1040 3272 tomen
1054 3213 1167 3271 omniuo
1176 3220 1210 3276 35

144 3299 230 3362 deine
250 3298 343 3378 aliqua
364 3299 531 3377 suspitione.
565 3296 663 3370 ‘Quid'
685 3300 797 3376 inquam
818 3303 954 3357 ‘necesse
976 3292 1061 3355 est'i'
1082 3304 1167 3374 atque

168 3383 206 3442 ita
219 3398 272 3461 spe
288 3381 409 3458 balinei,
431 3383 476 3442 cui
491 3383 545 3440 iam
556 3379 675 3440 videbar
688 3381 802 3457 inferri,
824 3379 936 3458 placida
951 3378 1111 3457 leniterque
1126 3377 1168 3437 di·

169 3465 254 3526 missa
269 3462 303 3524 ad
319 3465 514 3524 abstinentiam
529 3480 639 3540 rursus,
655 3480 711 3523 non
727 3481 811 3523 secus
823 3481 856 3523 ac
871 3462 955 3523 modo
976 3462 1010 3522 ad
1028 3461 1169 3522 balineum
