2632 4096
361 256 670 319 EPISTULARUM.
691 264 845 321 17.18.19.
1045 256 1107 321 105

103 410 240 491 Calpurni
258 410 380 472 Pisonis.
413 407 563 470 Recitabat
584 409 856 488 auaucvsptcpoiu
877 407 1014 470 eruditam
1037 427 1134 479 sanes

102 494 333 573 luculentamque
349 493 504 553 materian.
538 492 651 572 Scripta
666 491 759 571 elegis
774 503 836 554 erat
851 493 1003 554 fluentibus
1018 503 1049 554 et
1063 503 1107 555 te·

102 581 178 640 ueris
194 589 226 640 et
240 577 396 655 enodibus,
412 575 581 638 sublimibus
597 579 699 654 etiam,
716 586 748 636 nt
762 578 898 655 poposcit
916 576 1009 637 locus.
1030 577 1107 655 Apte

102 666 176 724 euim
199 673 231 724 et
249 663 328 723 narie
347 679 423 721 nunc
445 660 629 721 attollebatur
645 679 720 720 nuuc
736 659 896 721 residebat:
917 659 1036 720 excelsa
1054 660 1107 720 de·

82 748 232 826 opressis,
253 745 339 806 exilia
352 745 462 825 plenis,
477 745 588 804 seueris
603 743 723 804 iucmnda
737 744 870 822 mutabat,
887 746 978 806 omnia
991 745 1107 822 ingenio
1203 817 1205 821 ,

101 831 171 909 pari.
205 828 428 890 Commendabat
447 828 520 888 baec
539 845 615 887 voce
637 828 822 906 suaussima,
848 845 952 888 vocem
967 846 1134 899 verecuu·3

102 915 160 976 dia:
182 914 304 974 multum
321 913 484 990 sanguinis,
509 910 627 971 multum
647 910 847 972 sollicitudinis
867 914 982 988 inore,
1005 929 1107 989 magna

102 1007 265 1060 ornamenta
286 997 441 1058 recitantis.
474 994 587 1056 Etenim
600 995 775 1073 nescioquo
796 1004 883 1073 pacto
900 997 990 1073 magis
1004 995 1033 1055 in
1045 1004 1108 1055 stu·

102 1081 152 1141 diis
167 1081 301 1143 homines
320 1080 404 1141 timor
423 1097 506 1158 quam
525 1078 626 1138 liducia
641 1078 737 1139 decet.
765 1078 810 1139 Ne
825 1079 924 1158 plura,
941 1097 1135 1158 quamquam4

69 1177 96 1233 td
102 1165 172 1226 libet
184 1166 285 1246 plura,
308 1181 366 1242 qno
379 1173 444 1222 sunt
460 1161 622 1242 pulchriora
635 1161 672 1222 de
691 1163 812 1240 iuvene,
835 1165 941 1224 rariora
955 1165 991 1224 de
1006 1162 1106 1240 nobili,

102 1251 271 1312 recitatione
284 1249 360 1308 linita
374 1247 491 1307 multum
505 1265 540 1308 ae
555 1245 602 1306 diu
619 1245 803 1306 exosculatus
814 1245 1040 1324 adulescentem,
1059 1247 1108 1326 qui

103 1343 147 1394 est
165 1335 325 1394 acerrimus
345 1331 475 1392 stimulus
493 1328 643 1407 monendi,
666 1328 797 1390 laudibus
813 1330 945 1406 incitavi,
970 1333 1108 1408 perqeret

105 1436 156 1495 qua
173 1417 326 1497 coepisset
346 1415 498 1494 lumenque
520 1413 596 1492 quod
621 1414 675 1473 sibi
695 1413 818 1475 maiores
838 1415 884 1475 sui
906 1412 1108 1494 praetulissent

104 1503 227 1578 posteris
251 1502 316 1578 ipse
331 1499 502 1578 praeferret.
532 1496 691 1558 Gratulatus
704 1515 766 1558 sum
780 1499 905 1576 optimae
921 1498 1018 1574 matri,
1043 1511 1135 1575 gra-5

69 1583 205 1646 lotulatus
222 1594 254 1644 et
267 1584 357 1660 fratri,
374 1584 422 1662 qui
437 1601 474 1644 ex
488 1581 627 1642 auditorio
638 1581 689 1641 illo
703 1598 760 1641 non
770 1584 907 1642 minonem
917 1583 1032 1662 pietatis
1043 1580 1107 1659 glo·

104 1668 169 1729 mam
184 1685 271 1747 quam
282 1666 332 1727 ille
344 1666 421 1727 alter
433 1666 615 1744 eloquentiae
629 1665 707 1725 tulit:
729 1675 786 1726 tam
804 1666 969 1727 notabiliter
981 1682 1035 1744 pro
1050 1665 1106 1724 lra-

105 1760 145 1812 tre
165 1755 308 1813 recitante
329 1752 447 1828 primum
469 1758 562 1810 metus
577 1749 655 1826 eius,
681 1766 749 1808 mon
763 1748 895 1826 gaudium
906 1749 1030 1810 eminuit.
1061 1747 1135 1815 bito

103 1834 206 1896 iaciant
220 1844 254 1896 ut
268 1835 336 1896 talia
349 1834 400 1895 tibi
413 1835 530 1913 saepius
543 1831 684 1892 nuntiem!
706 1833 802 1894 Faveo
818 1835 892 1892 euim
913 1831 1049 1906 saeculo,
1070 1851 1106 1892 ue

105 1920 139 1978 sit
152 1919 257 1980 sterile
271 1927 302 1978 et
317 1918 450 1994 effetum,
466 1919 595 1996 mireque
610 1918 695 1996 cupio
711 1935 748 1977 ne
762 1915 874 1977 nobiles
887 1918 976 1978 nomi
993 1915 1061 1975 nibil
1078 1917 1107 1974 in

67 2001 232 2064 todomibus
248 2004 308 2063 suis
320 1999 469 2080 pololnum
485 2003 539 2060 nisi
557 2001 694 2078 imagines
707 2000 843 2061 babeant:
864 2019 936 2079 quae
951 2018 1026 2060 nunc
1040 2000 1108 2060 mibi

103 2083 155 2146 bos
173 2086 379 2148 adulescentes
397 2087 485 2146 tacite
506 2084 621 2145 laudare
638 2083 795 2162 adhortari,
818 2092 848 2145 et
867 2084 944 2163 quod
964 2085 1108 2145 amborum

105 2169 210 2244 moriae
226 2172 297 2231 satis
311 2187 442 2246 magnum
456 2177 513 2248 est,
528 2185 687 2246 agnoscere
700 2168 841 2230 videntur.
872 2167 955 2228 Vale.

553 2299 658 2362 XVIII.

70 2432 99 2484 ,5
289 2401 316 2456 o.
340 2399 464 2452 econius
483 2399 663 2451 cnnrunnno
681 2383 793 2452 naono
813 2399 874 2452 suo
893 2399 919 2454 a.

163 2503 246 2563 Bene
265 2512 312 2562 est
331 2502 414 2580 mibi,
437 2503 502 2581 qaia
516 2501 567 2562 tibi
582 2501 655 2562 bene
671 2511 725 2562 est.
757 2500 853 2561 llabes
870 2509 1130 2574 uxoremtecom,1

107 2583 190 2644 babes
202 2587 305 2654 lilium;
316 2586 420 2646 frueris
430 2586 510 2662 mari,
522 2584 659 2662 lontibus,
673 2585 821 2662 viridibus,
836 2601 917 2662 agro,
932 2583 1001 2644 villa
1012 2600 1106 2644 amoe-

107 2668 229 2732 nissima.
260 2668 362 2749 Neque
383 2669 457 2728 enim
478 2668 576 2728 dubito
597 2687 664 2730 esse
687 2670 928 2746 amoenissimam,
956 2669 984 2726 in
1004 2667 1060 2742 qua
1072 2684 1106 2726 se

110 2762 296 2832 conposuerat
309 2753 394 2813 bomo
415 2751 529 2812 felicior
545 2760 610 2811 aute
632 2770 714 2830 qnam
729 2751 913 2813 felicissimus
929 2751 1018 2812 lieret.
1041 2748 1134 2828 Eget

73 2833 134 2903 qqin
147 2834 250 2898 'luscis
264 2847 293 2897 ct
308 2854 398 2897 venor
412 2845 442 2896 et
455 2834 573 2913 studeo,
597 2853 670 2914 quae
683 2835 823 2897 interdum
837 2834 952 2896 alternis
968 2834 1107 2895 interdum

110 2918 187 2979 simul
208 2919 302 2997 facio,
326 2937 381 2980 nec
402 2929 495 2980 tamen
515 2919 607 2978 adbuc
626 2937 744 2998 possum
764 2921 944 2998 pronuntiare
962 2929 1054 2979 utrum
1071 2919 1107 2978 sit

111 2997 249 3064 difficilius
265 3021 370 3082 capere
386 3000 491 3080 aliquid
504 3020 539 3062 au
554 3004 692 3064 scribere.
721 3003 804 3064 Vale.

545 3135 665 3198 XVllll.

76 3255 105 3311 3,
376 3234 404 3285 c.
423 3233 548 3286 ruimus
564 3233 705 3286 cannino
725 3233 785 3286 suo
807 3234 834 3288 S.

168 3337 261 3400 Video
276 3359 359 3420 quam
369 3341 494 3402 molliter
507 3350 573 3402 tuos
586 3340 709 3402 habeas:
725 3357 782 3418 quo
799 3338 956 3417 simplicius
971 3336 1021 3396 tibi
1040 3354 1108 3397 oon·
1117 3350 1133 3403 1

114 3419 210 3482 litabor
221 3438 275 3502 qua
289 3423 463 3503 indulgentia
475 3441 557 3484 meos
571 3434 698 3485 mactem
729 3423 783 3483 list
802 3423 868 3482 mibi
883 3438 998 3500 semper
1010 3419 1039 3479 in
1051 3422 1134 3486 ani-a

114 3519 157 3562 mo
170 3515 199 3566 et
216 3505 397 3570 llonnericnm
413 3507 483 3568 illud
503 3500 610 3588 πατὴρ
629 3498 662 3568 d'
683 3497 728 3580 ὥς
743 3497 841 3585 ἤπιος
857 3491 918 3584 ἦεν
938 3514 968 3564 et
983 3504 1040 3564 boc
1055 3521 1106 3564 no·
