2614 4104
332 360 598 423 PANEGYRICUS
616 372 660 427 37.
674 374 717 428 38.
730 372 776 428 39.
993 368 1055 432 261

50 513 160 584 scindi;
174 512 281 573 nullum
296 515 364 575 tanti
380 532 446 574 esse
461 515 585 592 vectigal
601 514 677 593 quod
692 514 799 576 liberos
815 533 849 576 ac
864 528 998 594 parentes
1015 520 1055 580 la·

51 606 135 659 cerat
155 605 315 658 extremos.
348 595 491 659 Hactenus
513 597 577 658 ille:
601 600 713 676 parcius
727 599 850 660 fortasse
864 617 947 679 qoam
962 601 1107 666 decuit38

51 683 189 762 optimum
203 682 377 763 principem,
405 681 458 741 sed
478 699 534 742 non
555 683 668 760 parcius
687 700 768 761 quam
788 685 922 762 optimum
934 694 1054 764 patrem,

50 767 102 845 qui
114 765 257 842 optimum
267 765 462 842 adoptaturus,
479 765 535 825 boe
550 783 664 844 quoque
679 769 804 843 parentis
818 766 1055 846 indulgentissimi

23 850 140 927 eiecit,
166 847 242 926 quod
261 847 404 908 delibasse
425 849 561 927 quaedam
576 867 628 908 seo
645 851 740 928 potius
759 851 970 912 demonstrasse
987 871 1055 914 con·

48 941 164 1006 tentus,
187 930 293 1008 largam
308 949 342 991 ac
357 949 449 1012 prope
464 934 593 994 intactam
608 933 683 992 bene
698 933 821 994 faciendi
838 937 981 995 materiam
997 937 1055 997 lilio

48 1016 219 1076 reservavit.
255 1014 354 1076 Statim
371 1033 442 1093 ergo
460 1017 568 1076 maneri
590 1018 652 1077 eius
673 1017 830 1078 liberalitas
850 1027 896 1078 tua
918 1019 1056 1080 adstruxit

48 1109 93 1175 nt,
107 1097 340 1177 quemadmodum
353 1101 381 1159 in
392 1101 479 1179 patris
491 1099 576 1177 lilius,
587 1103 630 1161 sic
642 1102 669 1160 io
681 1101 839 1160 hereditate
851 1101 900 1161 lilii
912 1113 995 1180 pater
1005 1123 1054 1165 es-

49 1192 99 1246 set
112 1184 248 1260 mononis,
264 1201 319 1242 nec
333 1183 435 1243 eodem
451 1192 593 1244 momento
610 1200 667 1262 quo
682 1193 764 1263 pater
779 1201 847 1245 csse
860 1184 985 1246 desisset
998 1187 1055 1248 hoc

8 1277 170 1346 loquoque
184 1269 325 1327 amitteret
340 1265 415 1344 quod
432 1266 544 1329 luisset.
576 1266 721 1345 Egregie,
741 1265 865 1344 Caesar,
882 1269 957 1347 quod
972 1269 1055 1330 lacri-

47 1368 112 1411 mas
127 1360 274 1428 parentum
286 1350 446 1429 vectigales
462 1367 530 1412 esse
544 1368 600 1411 non
611 1352 728 1429 pateris.
747 1351 824 1412 Bona
840 1350 889 1411 lilii
900 1362 982 1430 pater
993 1356 1055 1414 sine

49 1434 243 1494 deminutione
258 1435 421 1514 possideat,
437 1452 493 1494 nec
507 1437 616 1495 socium
629 1434 794 1496 hereditatis
806 1437 929 1512 accipiat
940 1439 988 1515 qni
999 1454 1055 1497 oon

49 1518 140 1578 babet
155 1516 266 1579 luctus:
281 1536 365 1579 nemo
378 1527 525 1578 recentem
539 1528 568 1580 et
582 1521 725 1579 attonitam
740 1520 889 1579 orbitatem
904 1520 938 1580 ad
948 1537 1055 1598 conpu-

48 1603 188 1662 tationem
207 1611 295 1663 vocet
320 1610 463 1681 cogatque
483 1612 592 1680 patrem
613 1601 680 1681 quid
705 1601 852 1680 reliquerit
874 1603 947 1664 lilius
969 1605 1055 1664 scire.

8 1687 174 1763 15Augeo,
190 1694 286 1765 patres
299 1687 471 1764 conscripti,
488 1688 625 1765 principis
637 1704 753 1763 munus,
770 1704 833 1745 cum
851 1685 972 1749 ostendo
984 1685 1055 1746 libe·

47 1769 154 1829 ralitati
168 1771 230 1830 eius
245 1772 342 1830 inesse
359 1771 505 1829 rationem.
528 1769 651 1830 Ambitio
667 1771 781 1829 enimet
796 1771 925 1829 iactantia
940 1778 970 1829 et
983 1771 1055 1829 ellu-

48 1857 97 1914 sio
109 1862 142 1928 ,et
160 1853 270 1932 quidvis
284 1856 380 1932 potius
395 1871 477 1932 quam
492 1852 646 1914 liberalitas
662 1853 847 1913 existimanda
862 1861 907 1914 est
923 1855 968 1912 cui
984 1856 1055 1913 ratio

48 1955 107 1996 non
119 1937 370 2016 constat.Dignum
379 1953 461 2014 ergo,
475 1939 637 2017 imperator,
649 1936 862 1997 mansuetudine
871 1946 919 1998 tua
928 1938 1055 1998 minuere

49 2021 180 2080 orbitatis
201 2022 313 2083 iniurias
334 2039 389 2082 nec
411 2023 469 2099 pati
486 2039 654 2100 quemquam
674 2021 732 2081 lilio
752 2023 857 2082 amisso
871 2023 990 2099 insuper
1008 2021 1055 2082 ad·

7 2111 40 2162 bo
50 2105 100 2163 lici
115 2103 172 2164 alio
188 2103 296 2168 dolore.
325 2105 374 2165 Sic
389 2121 504 2184 quoque
519 2105 629 2166 abunde
642 2107 746 2166 misera
760 2124 808 2165 res
823 2114 885 2182 est,
900 2115 983 2185 pater
997 2105 1054 2166 filio

48 2187 132 2249 solus
143 2188 244 2249 heres:
257 2189 358 2268 quidsi
369 2188 541 2250 coheredem
552 2207 609 2248 non
621 2187 858 2268 aliliooccipiat‘l
871 2188 954 2249 Adde
966 2189 1053 2267 quod,

50 2289 117 2332 cum
134 2271 216 2332 dirus
229 2272 324 2333 Nerva
340 2275 481 2334 sanxisset
496 2282 527 2333 ot
545 2274 573 2333 in
588 2274 712 2350 paternis
727 2273 809 2332 bonis
824 2272 907 2333 liberi
926 2272 1054 2332 necessi·

49 2365 108 2416 tate
126 2356 281 2416 vicesimae
296 2355 493 2435 soluerentur,
520 2373 682 2434 congruens
696 2365 757 2415 crat
774 2355 892 2416 candem
907 2357 1055 2415 inmunita-

48 2450 108 2500 tem
129 2450 264 2518 parentes
283 2443 311 2500 in
331 2440 483 2501 liberorum
497 2441 580 2501 bonis
594 2440 733 2501 obtinere.
768 2437 827 2499 Cur
841 2439 915 2498 enim
928 2438 1054 2515 posteris

7 2522 172 2602 toamplior
181 2523 273 2584 honor
283 2543 365 2603 quam
376 2525 528 2586 maioribus
538 2520 711 2584 baberetur?
727 2541 814 2583 curve
825 2539 882 2582 oon
892 2531 969 2581 retro
985 2539 1055 2600 quo·

49 2626 106 2686 que
123 2617 285 2668 recurreret
298 2611 425 2688 aequitas
437 2606 558 2669 cademi
578 2607 621 2668 'l'u
634 2607 764 2686 quidem,
782 2605 904 2682 Caesar,
919 2605 994 2664 illam
1006 2623 1056 2664 ex·

49 2693 216 2770 ceptionem
228 2695 374 2754 removisti
389 2695 426 2754 ‘si
440 2693 525 2753 modo
541 2692 614 2753 lilios
630 2693 658 2751 in
673 2698 816 2770 potestate
827 2691 914 2768 patris
928 2689 1055 2767 iuisset',

46 2776 178 2853 intuitus,
193 2777 304 2855 opinor,
319 2778 376 2835 vim
389 2777 542 2855 legemque
556 2786 683 2853 naturae,
699 2793 772 2853 quac
784 2790 900 2852 semper
911 2774 939 2833 in
950 2771 1057 2834 ditione

47 2869 198 2938 parentum
220 2878 286 2920 csse
308 2859 417 2921 liberos
437 2863 534 2936 iussit,
559 2877 614 2921 nec
630 2860 671 2919 uti
687 2861 760 2919 inter
776 2856 905 2938 pecudes
920 2859 963 2919 sic
982 2859 1058 2919 inter

7 2943 183 3006 eonomines
199 2953 372 3021 potestatem
383 2953 413 3004 et
424 2945 572 3024 imperium
583 2942 787 3003 valentioribus
799 2941 886 3002 dedit.
907 2940 971 3003 Nec
985 2959 1056 3003 vero
1066 2947 1108 3010 39

7 3089 9 3092 .
47 3035 202 3089 contentos
212 3029 331 3107 primum
344 3030 522 3107 cognationis
533 3026 651 3105 gradum
661 3026 817 3088 abstulisse
826 3027 992 3102 vicesimae,
1009 3043 1056 3084 se·

48 3110 174 3172 cundum
188 3129 303 3190 quoque
319 3113 440 3189 exemit,
458 3114 588 3190 cavitque
603 3120 633 3171 ot
647 3112 675 3169 in
690 3112 798 3172 sororis
811 3110 893 3170 bonis
907 3109 1011 3184 irater,
1027 3116 1057 3166 et

48 3203 150 3255 contra
164 3196 191 3254 in
206 3195 300 3258 iratnis
315 3213 414 3271 soror,
430 3205 518 3275 utque
532 3212 602 3256 avus
616 3203 646 3254 et
658 3197 720 3255 aria
730 3195 759 3254 in
769 3194 864 3272 neptis
873 3192 1056 3268 nepotisque,

47 3289 79 3340 et
93 3280 219 3339 invicem.
230 3279 271 3339 illi
286 3289 468 3341 servarentur
481 3281 618 3340 inmunes.
641 3278 679 3340 lis
695 3294 809 3358 quoque
824 3275 927 3354 quibus
941 3291 995 3352 per
1005 3272 1056 3334 la·

7 3369 38 3424 lo
47 3365 120 3422 tium
135 3363 234 3424 civitas
252 3363 377 3424 Romana
390 3365 530 3443 patuisset
545 3363 619 3423 idem
633 3361 765 3437 indulsit,
782 3358 970 3435 omnibusque
983 3359 1058 3416 inter

48 3466 81 3508 se
99 3446 302 3528 cognationum
322 3450 382 3508 iura
398 3449 554 3525 commisit,
576 3444 658 3508 simul
678 3456 708 3506 et
722 3445 828 3522 pariter
843 3449 873 3502 et
884 3457 964 3501 mare
978 3447 1056 3500 natu-

47 3549 116 3610 rae,
140 3549 214 3610 qnae
230 3533 341 3611 priores
356 3533 502 3612 principes
517 3549 534 3590 a
553 3529 672 3608 singulis
693 3530 788 3605 rogari
803 3525 983 3606 gestiebant,
1000 3539 1058 3583 non

48 3625 107 3676 tam
130 3615 293 3696 praestandi
313 3617 404 3676 animo
423 3633 504 3695 quam
518 3613 649 3692 negandi.
682 3611 729 3672 Ex
744 3630 801 3691 quo
816 3608 946 3688 intellegi
960 3616 1059 3691 potest
