2614 4104
212 302 276 368 228
515 299 548 364 0.
571 300 669 363 PLINI
689 301 738 362 ET
760 299 917 362 TRAIANI

213 456 432 517 vindicationem
446 453 584 516 honorum
602 472 618 514 a
634 454 700 514 divo
715 453 847 531 Augusto
861 452 1016 530 adimant,
1035 452 1156 516 debebis
1171 468 1218 514 ra·

215 558 282 602 care
304 540 457 601 contractis
478 538 607 599 omnihus
626 539 759 617 personis
773 537 809 598 ad
825 537 900 597 idem
914 540 1062 615 negotium
1075 540 1219 616 pertinen·

214 625 309 702 tibus,
338 624 469 684 adhibitis
487 621 586 682 Virdio
607 619 765 682 Gemellino
781 631 810 680 et
823 620 997 701 Epimacho,
1017 620 1124 682 lihcrto
1141 639 1218 701 mco,

215 709 466 788 procuratoribus,
487 716 518 767 ut
538 705 692 766 aestimatis
714 705 798 765 etlam
818 706 854 764 iis
875 722 948 782 quae
970 705 1220 766 contradicuntur

216 790 293 872 qnod
309 792 444 870 optimum
460 789 638 850 crodideritis
652 790 798 848 statuatis..
1228 794 1241 842 5

581 919 717 982 cxxxv.
740 919 854 1001 [nvn]

437 1022 464 1078 G.
481 1020 607 1074 PLINIUS
622 1021 765 1072 TRAIANO
782 1019 992 1076 IMPERATORI.

278 1123 443 1201 Maximum,
467 1123 598 1184 libortum
620 1133 649 1184 ct
664 1133 879 1202 procuratorem
892 1133 986 1201 tuum,
1012 1123 1142 1202 dominc,
1165 1143 1220 1205 por

216 1228 299 1271 omne
314 1219 426 1288 tempus
441 1225 498 1287 qno
512 1207 614 1268 luImus
631 1225 685 1267 nna
699 1209 821 1286 probum
835 1217 865 1268 et
875 1205 1042 1268 Industrium
1056 1217 1087 1268 et
1096 1207 1258 1287 diligen-10

214 1304 273 1356 tem
293 1311 328 1354 ac
348 1294 421 1353 siout
442 1294 484 1352 rei
503 1301 569 1352 tuae
590 1293 809 1352 amantIsaimum
825 1293 863 1352 ita
885 1289 1052 1370 disciplinas
1067 1295 1220 1356 tenacissi-

215 1396 289 1438 mum
306 1385 461 1455 expertus,
483 1375 606 1435 libenter
620 1375 696 1454 apud
710 1385 740 1437 te
755 1375 919 1437 testimonIo
935 1389 1098 1454 prosequor
1114 1395 1149 1437 ea
1163 1378 1219 1438 lida

216 1478 298 1541 qnam
315 1460 365 1520 tihi
381 1458 485 1519 dehoo.

558 1591 710 1655 mxxvi
733 1591 862 1673 [xuni]

436 1691 464 1746 G.
485 1692 609 1745 PLINIUS
626 1691 768 1744 TRAIANO
783 1692 991 1747 IMPERATORI.
1227 1645 1254 1696 ¹5

191 1812 204 1862 1
281 1795 398 1856 (labium
410 1796 545 1872 Bessum,
558 1797 688 1874 dominc,
703 1796 879 1876 praelectum
896 1814 965 1857 orae
982 1795 1131 1873 Ponticae,
1147 1796 1218 1855 inte·

217 1898 315 1958 grum,
336 1881 473 1959 probum,
492 1880 674 1958 industrium,
697 1890 783 1959 atque
798 1881 873 1941 inter
886 1881 940 1941 ista
954 1879 1219 1941 reverentissimum
1294 1915 1295 1930 r

216 1963 273 2024 mei
285 1973 431 2044 expertus,
446 1973 514 2026 voto
525 1965 632 2043 pariter
643 1973 672 2024 et
684 1965 819 2041 suifragIo
836 1982 999 2044 prosequor
1016 1963 1121 2024 calide
1136 1981 1220 2042 quam
1294 1931 1295 2023 h

216 2047 267 2108 tihi
283 2045 377 2108 debeo
397 2056 415 2118 †
434 2066 517 2128 qnam
538 2051 572 2110 ea
587 2067 660 2128 qnae
678 2056 777 2128 speret
790 2049 958 2110 instructum
973 2047 1140 2110 commilitio
1155 2057 1257 2124 tuctu

189 2131 297 2198 nonius
313 2129 480 2210 disciplinae
498 2132 585 2193 debet
599 2132 676 2212 qood
688 2131 862 2211 Indulgentia
877 2141 925 2194 tua
938 2131 1041 2210 dignos
1054 2140 1110 2192 cst.
1132 2130 1219 2210 Apud
1293 2173 1294 2178 η

216 2233 263 2293 me
277 2223 307 2276 et
320 2213 424 2276 milites
438 2225 467 2276 ct
479 2217 593 2295 pagani,
608 2234 625 2277 a
639 2217 741 2295 quibos
757 2218 862 2278 iustitia
875 2216 938 2278 eius
952 2225 981 2278 et
997 2216 1153 2276 hnmanitas
1167 2233 1219 2295 pc·

215 2299 290 2362 nitus
305 2300 438 2378 inspecta
452 2308 514 2379 est,
533 2301 662 2362 certatim
680 2302 707 2360 ei
723 2318 777 2379 qna
792 2301 922 2379 priratim
936 2319 991 2380 qun
1005 2293 1125 2378 publice
1138 2301 1219 2360 tosti·

213 2385 308 2444 monia
327 2384 547 2462 pertribnorunt.
581 2383 665 2458 Quod
687 2383 716 2444 in
738 2386 863 2446 notitiam
883 2394 959 2446 tuam
979 2384 1097 2463 pcrlero
1111 2401 1147 2445 ea
1162 2383 1218 2444 lido

215 2485 299 2545 quam
314 2467 365 2527 tibi
382 2465 485 2529 dobeo.
1226 2475 1255 2528 rt

546 2599 712 2662 nxxxvn.
734 2599 874 2680 rxvnur

438 2699 465 2754 0.
486 2698 612 2752 PLINIUS
627 2700 773 2751 TRAIANO
790 2699 999 2754 IMPERATORL

188 2816 204 2865 1
277 2802 476 2883 Nymphidium
489 2803 609 2885 Lupum,
622 2804 746 2883 domine,
764 2804 981 2884 primipilarem,
998 2803 1219 2866 commilitonem
1291 2823 1292 2903 p

216 2885 318 2962 habui,
335 2888 474 2966 cumipse
489 2890 616 2950 tribunus
632 2906 745 2968 essem,
761 2888 811 2950 ille
824 2889 1005 2968 praefectus:
1021 2888 1088 2948 inde
1101 2886 1257 2954 iamdicto

213 2972 284 3030 riter
304 2968 424 3047 diligere
446 2973 539 3050 coepi.
572 2971 670 3034 Crevit
686 2982 789 3053 postea
805 2974 907 3036 caritas
926 2974 990 3052 ipsa
1009 2980 1122 3033 mntnao
1136 2981 1219 3032 retn-

190 3063 291 3118 istate
312 3053 460 3116 omioitIae.
491 3055 590 3136 ltaque
611 3067 642 3118 et
656 3059 744 3137 quleti
764 3059 826 3118 eius
846 3057 930 3117 inieci
950 3073 1061 3118 manum
1081 3065 1111 3116 et
1131 3056 1219 3134 exegi
1290 3087 1291 3104 2

215 3149 245 3200 ut
260 3156 306 3200 me
321 3139 349 3199 in
362 3136 492 3215 BithrnIa
509 3139 629 3201 oonsilio
646 3143 809 3203 instrueret.
839 3139 923 3213 Quod
939 3139 991 3202 ille
1005 3141 1176 3204 amicissime
1191 3149 1219 3200 ot
1290 3105 1291 3197 h

216 3224 266 3283 otii
280 3233 309 3284 et
325 3224 482 3285 senectutis
496 3226 605 3287 notione
620 3226 781 3305 postposita
794 3233 825 3284 et
839 3226 893 3285 iam
903 3224 973 3285 lecit
983 3234 1013 3286 et
1025 3225 1152 3286 inctnrns
1163 3232 1218 3286 cst.

189 3306 326 3380 dssnihns
341 3326 380 3368 ex
394 3309 487 3369 causis
499 3307 728 3369 necessitudines
740 3307 801 3368 eius
813 3308 974 3372 intormem
986 3325 1114 3386 numero,
1132 3307 1218 3368 hlium
1226 3321 1256 3375 35

215 3391 244 3450 in
259 3393 374 3469 primis,
389 3389 588 3470 Nymphidium
604 3388 730 3470 Lupum,
752 3393 884 3452 invenem
898 3393 1037 3472 probum,
1052 3391 1220 3453 industrinm

216 3483 245 3532 et
259 3475 380 3551 egrogIo
394 3485 475 3552 patre
497 3473 708 3552 dignissimum,
729 3475 914 3536 suffecturum
930 3475 1122 3554 indulgentiae
1138 3485 1220 3545 tone:

215 3557 290 3614 sicut
304 3555 403 3632 primis
423 3558 486 3616 eins
506 3557 709 3635 experimentis
733 3575 914 3636 cognoscere
936 3567 1039 3640 potes,
1058 3577 1121 3621 oum
1136 3575 1219 3637 prae·
