2614 4104
211 279 292 348 '274
652 281 685 342 G.
705 279 804 341 Pbllll

229 440 358 515 eipatus‚
381 443 413 496 nt
425 437 479 495 iam
494 443 647 495 excusatus
661 432 818 493 honoribus
834 439 865 492 ct
885 431 1036 512 expletus,
1059 432 1239 492 consulatum

226 521 378 595 recusasti,
395 537 479 597 quem
490 520 557 578 novi
568 521 756 596 imperatores
768 517 938 577 destinatum
948 515 1011 577 aliis
1023 517 1051 575 in
1068 535 1101 576 se
1117 519 1239 578 transle-

226 604 334 664 rebant.
357 601 420 663 Fuit
432 605 514 663 etiam
531 604 579 681 qui
596 605 624 660 io
637 603 811 680 principatus
822 601 866 659 sui
879 600 934 660 line
948 598 1139 678 consulatum,
1156 619 1240 680 quem

227 687 343 748 dederat
357 689 438 764 ipse,
453 703 554 764 magna
571 705 607 746 ex
619 695 699 762 parte
714 687 766 744 iam
782 693 895 761 gestam
910 693 1099 762 extorqueret
1113 693 1147 744 et
1157 703 1239 764 rape·

224 781 278 831 ret.
307 769 369 830 lloc
386 788 457 848 ergo
472 771 599 845 honore,
618 788 702 848 quern
718 779 747 829 et
762 769 934 844 incipientes
951 769 1097 846 principes
1114 777 1147 828 et
1162 769 1259 838 desi-5

225 863 327 914 nentes
347 853 420 913 adeo
442 856 651 931 concupiscunt
672 863 701 912 ut
722 852 867 928 auferant,
893 861 924 911 tu
945 852 1038 912 otioso
1059 869 1096 911 ac
1115 864 1239 914 vacante

225 939 345 1016 privatis
370 939 493 998 cessisti.
529 937 727 997 Invidiosusne
746 943 807 996 erat
822 944 869 995 aut
886 935 938 994 tibi
952 937 1052 996 tertius
1069 937 1238 998 consulatus

224 1030 272 1080 aut
286 1023 407 1100 principi
423 1018 550 1100 primm?
581 1019 651 1080 Nam
669 1020 824 1081 secundum
844 1020 999 1097 imperator
1018 1019 1154 1098 quidem,
1185 1023 1238 1082 sub

224 1107 396 1181 imperatore
412 1114 504 1165 tamen
521 1107 610 1181 inisti,
625 1105 752 1182 nihilque
769 1106 891 1181 inputari
903 1105 932 1162 in
944 1120 980 1163 eo
991 1103 1038 1164 vel
1054 1101 1159 1164 honori
1174 1116 1238 1184 pot-

227 1197 271 1250 est
286 1187 334 1249 vel
349 1189 484 1268 exemplo
496 1191 551 1250 nisi
567 1189 745 1267 obsequium.
774 1187 817 1248 lta
836 1205 924 1264 vero,
947 1205 1019 1265 quae
1036 1189 1139 1248 civitas
1155 1193 1273 1268 quin-10

226 1275 308 1352 quies
322 1284 407 1354 atque
424 1276 508 1334 etiam
520 1275 616 1334 sexies
629 1272 763 1334 consules
773 1272 859 1346 vidit,
875 1289 931 1331 non
946 1268 1012 1332 illos
1025 1274 1073 1349 qui
1087 1274 1238 1348 expirante

225 1360 279 1416 iam
296 1357 428 1418 libertate
443 1360 568 1436 pervim
583 1375 617 1417 ao
634 1356 781 1418 tumultum
794 1355 977 1431 creabantur,
994 1354 1047 1415 scd
1064 1357 1172 1433 quibus
1190 1377 1236 1418 sc·

224 1442 328 1519 positis
346 1451 375 1501 et
389 1441 552 1501 absentibus
568 1443 595 1499 in
613 1459 677 1501 rura
694 1459 746 1502 sna
761 1438 924 1500 consulatus
938 1437 1120 1517 ferebantur,
1136 1445 1165 1500 in
1184 1443 1236 1502 bac

226 1525 340 1584 civitate
356 1525 468 1585 tertium
488 1524 663 1585 consulatum
682 1527 818 1604 princeps
833 1525 948 1600 generis
966 1522 1078 1583 humani
1098 1534 1130 1584 nt
1151 1543 1235 1604 prae·

224 1625 341 1686 gravem
361 1605 523 1670 recusasti?
551 1608 677 1670 'lantone
692 1609 809 1688 Papiriis
826 1609 909 1667 etiarn
921 1616 950 1666 et
968 1606 1088 1680 Quintiis
1103 1609 1271 1677 modern-15

223 1695 279 1753 tior
293 1693 441 1771 Augustus
458 1702 487 1753 et
501 1691 609 1755 Caesar
623 1703 653 1754 et
667 1703 750 1772 pater
765 1688 896 1772 patriae?
914 1690 952 1751 At
968 1691 1037 1752 illos
1051 1711 1099 1754 res
1115 1694 1233 1771 publica

224 1778 334 1838 ciebat.¹
359 1775 457 1850 Quid?
482 1787 511 1837 te
529 1796 585 1838 ιιοιι
601 1777 700 1838 eadem
714 1795 762 1837 res
784 1772 920 1855 publica?
944 1793 1000 1836 non
1017 1775 1155 1838 senatus?
1175 1797 1232 1838 non

223 1860 385 1922 consulatus
399 1864 480 1940 ipse,
501 1863 549 1940 qui
568 1862 622 1922 sibi
638 1863 694 1922 tuis
709 1863 814 1922 umeris
830 1859 920 1920 attolli
935 1868 965 1920 et
975 1877 1137 1938 augescere
1151 1864 1232 1923 virle-

172 1947 212 2010 58
222 1941 288 2002 turi
310 1943 374 2002 llou
388 1954 417 2005 te
431 1944 466 2005 ad
483 1947 630 2023 exemplar
644 1948 706 2006 eius
720 1962 796 2005 voco
811 1947 858 2022 qui
877 1945 1016 2004 continuis
1033 1944 1231 2008 consulatibus

221 2025 331 2086 iecerat
341 2025 462 2105 longum
481 2030 620 2106 quendam
638 2041 667 2090 ct
684 2033 745 2090 sine
761 2029 922 2090 discrimine
936 2047 1051 2088 annum:
1064 2031 1099 2089 iis
1113 2039 1144 2090 te
1161 2043 1268 2094 con-to

222 2109 285 2169 fero
307 2127 379 2187 quos
401 2121 592 2190 certamem,
620 2116 751 2193 quotiens
772 2112 906 2173 consules
929 2111 1060 2190 luerunt,
1093 2132 1151 2175 non
1175 2117 1229 2176 sibi

222 2196 411 2270 praestitisse.
433 2194 501 2256 urar
515 2197 543 2256 in
559 2206 659 2258 senatu
676 2206 721 2258 ter
735 2196 853 2272 consul,
871 2213 935 2255 curn
948 2205 977 2256 tu
995 2199 1109 2258 tertium
1124 2215 1230 2260 consu·

221 2277 305 2339 latum
321 2281 488 2341 recusabas.
510 2281 670 2344 Onerosum
682 2283 783 2342 nescio
799 2280 865 2359 quid
876 2281 1067 2342 verecundiae
1082 2292 1148 2345 tnae
1161 2301 1229 2344 oon·

221 2382 324 2424 sensus
340 2375 439 2425 noster
456 2365 610 2441 indixerat,
626 2376 657 2426 ut
673 2368 810 2444 prinecps
825 2365 929 2425 totiens
944 2365 1043 2425 consul
1062 2385 1144 2428 esses
1157 2385 1229 2446 quo·

220 2448 295 2508 tiens
312 2459 428 2509 senator
449 2458 527 2508 tuus:
551 2452 634 2511 nimia
649 2450 788 2511 modestia
809 2449 883 2510 istud
901 2451 986 2508 etiarn
1002 2451 1129 2527 priuatus
1143 2463 1267 2514 recu-ti

219 2549 327 2592 sessos.
362 2534 407 2592 Αιι
432 2533 588 2594 consularis
609 2536 663 2594 viri
682 2532 916 2612 triumphalisque
935 2533 1026 2612 lilius,
1058 2554 1122 2596 cum
1141 2539 1228 2597 tertio

220 2615 321 2676 consol
340 2625 467 2693 creatur,
484 2616 635 2679 aseendit?
657 2635 713 2678 non
728 2619 856 2678 debitum
872 2617 928 2678 hoo
944 2616 1007 2679 illi?
1028 2637 1083 2679 non
1099 2618 1147 2680 rel
1166 2620 1229 2682 sola

219 2701 336 2775 generis
354 2697 481 2761 claritate
496 2701 699 2781 promeritum?
736 2700 864 2780 Contigit
884 2721 956 2780 ergo
977 2706 1093 2780 privatis
1111 2707 1225 2782 aperire

219 2798 319 2840 annum
340 2783 489 2862 fastosque
510 2805 660 2864 reserare,
686 2796 715 2848 et
736 2787 794 2847 boc
810 2803 926 2865 quoque
940 2787 1069 2848 redditae
1085 2788 1226 2849 libertatis

218 2863 351 2923 indicium
368 2863 422 2925 init
436 2867 513 2945 qnod
527 2871 626 2931 consul
641 2871 712 2931 alius
725 2887 807 2950 quam
822 2867 929 2928 Caesar
943 2879 1031 2928 esset.
1056 2869 1104 2928 Sic
1116 2875 1266 2932 exactisitt
1288 2875 1289 2969 l

218 2948 336 3026 regibus
352 2952 450 3028 eoepit
465 2950 539 3012 liber
558 2971 661 3017 nunus:
685 2957 727 3017 sic
744 2955 811 3015 olim
826 2954 949 3012 servitus
965 2952 1047 3030 pulsa
1062 2954 1171 3030 privata
1188 2957 1227 3017 in·

218 3034 269 3094 stis
282 3035 392 3094 nomina
407 3034 524 3095 induxit.
545 3036 668 3100 Miseros
681 3039 840 3099 ambitionis
853 3038 949 3114 quiite
963 3037 1098 3099 consules
1110 3057 1228 3119 semper

217 3127 247 3176 ut
264 3135 380 3197 semper
391 3120 537 3200 principes
550 3123 643 3183 erant!
665 3122 838 3201 Quamquam
849 3137 905 3180 oon
917 3122 1031 3184 ambitio
1043 3125 1134 3200 magis
1143 3141 1227 3203 qnam

217 3199 291 3260 livor
310 3212 340 3262 et
362 3203 519 3281 malignitas
538 3207 630 3267 videri
653 3217 748 3285 potest
764 3224 863 3265 omnes
877 3222 966 3266 annos
982 3207 1134 3285 possidere
1149 3227 1226 3268 sum·

216 3302 350 3362 mumque
365 3286 434 3348 illud
453 3305 593 3367 purpurae
610 3290 700 3352 decus
714 3307 770 3349 non
786 3292 839 3350 nisi
854 3300 1054 3368 praecerptnm
1071 3291 1261 3370 praetiosa-ii
1288 3311 1289 3368 ᾗ

216 3379 332 3445 tumque
345 3374 544 3432 transmittere.
565 3372 650 3432 'luam
661 3391 732 3434 vero
745 3376 998 3452 magnanimitatem
1008 3394 1043 3435 an
1055 3377 1225 3438 modestiam

216 3468 250 3508 an
260 3450 460 3531 benignitatem
468 3453 902 3534 priusmirer‘lblagnanirnitatls
910 3461 961 3521 luit
970 3463 1099 3539 expetito
1108 3475 1227 3538 semper

216 3530 324 3591 honore
340 3534 493 3612 abstinere,
508 3537 665 3601 modestiae
678 3541 795 3620 cedere,
809 3544 991 3622 benignitatis
1003 3563 1057 3623 per
1068 3545 1143 3606 alios
1156 3545 1224 3605 troi.
1288 3563 1289 3634 ι
