2632 4102
201 315 243 379 48
623 312 656 374 Ο.
679 311 777 374 t’tlttl

202 469 312 528 tissime
325 467 419 527 victor
433 467 471 528 ibi
485 468 585 545 periit,
602 466 815 528 commendabat
828 468 991 526 memoriam
1005 483 1083 526 suam
1097 465 1210 525 orabat·

177 569 261 632 sque
274 561 304 610 ut
317 568 350 611 se
365 552 402 611 ab
416 552 515 611 iniuria
531 549 681 611 oblivionis
695 551 852 613 adsereret.
869 549 1009 611 ‘studiosi
1024 551 1143 626 tres’,in
1155 567 1212 610 sex

203 635 345 695 volumina
366 644 485 712 propter
499 632 708 711 amplitudinem
723 634 821 712 divisi,
844 634 947 712 quibus
960 641 1103 692 oratorem
1117 633 1152 693 ab
1166 633 1210 691 in-

203 717 349 780 cunabulis
370 718 490 778 instituit
504 726 533 776 et
553 717 674 794 perlicit.
707 716 807 777 ‘Dubii
822 719 961 778 sermonis
976 721 1072 777 ooto’:
1093 717 1213 794 scripsit

204 803 257 864 sub
267 801 384 861 Nerone
394 801 557 861 novissimis
568 802 658 876 annis,
677 818 740 860 cum
755 817 838 862 omne
852 800 1007 862 studiorum
1020 817 1113 878 genus
1123 797 1238 877 paulos
1305 797 1306 838 l

178 885 322 954 altbertus
337 893 367 942 et
385 886 511 944 erectius
526 883 718 961 periculosum
732 887 856 945 servitus
870 885 999 945 iecisset.
1023 883 1062 943 ‘A
1079 883 1133 942 line
1151 883 1212 943 Au-

205 970 252 1029 irdi
273 968 355 1028 bassi
376 968 490 1044 triginta
510 975 606 1028 unus?
646 966 781 1028 ‘Naturae
803 967 983 1030 historiarum
1004 969 1118 1046 triginta
1144 984 1212 1046 sep-

204 1056 286 1130 tom’,
303 1067 377 1128 opus
385 1050 524 1128 diffusum,
540 1050 689 1128 eruditum,
703 1070 758 1113 nec
771 1054 861 1112 minus
872 1053 979 1112 varium
994 1069 1077 1130 quam
1088 1053 1152 1128 ipsa
1162 1069 1213 1110 na·

179 1146 276 1204 ptura.
308 1133 418 1196 Miraris
439 1135 517 1214 quod
537 1143 579 1195 tot
596 1134 740 1195 volumina
760 1135 903 1215 multaque
918 1138 946 1196 in
960 1135 1004 1197 his
1018 1145 1074 1198 tam
1090 1153 1212 1214 scrupu-

71 1263 73 1270 Α
143 1273 148 1284 ,
206 1220 270 1279 losa
288 1219 373 1278 homo
395 1228 552 1298 occupatus
570 1217 749 1280 absolverit?
771 1223 862 1298 magis
876 1220 1039 1295 miraberis,
1061 1221 1085 1279 si
1107 1221 1211 1279 scieris
1223 1227 1254 1277 10
1306 1255 1307 1266 ἢ

205 1303 293 1363 illum·
307 1302 467 1382 aliquandiu
489 1319 590 1364 causas
615 1305 769 1381 actitasse,
797 1302 962 1364 decessisse
985 1320 1058 1363 anno
1077 1311 1161 1363 sexto
1182 1311 1213 1362 et

208 1389 480 1467 quinquagensimo,
495 1385 617 1445 medium
630 1395 743 1467 tempus
758 1386 909 1448 distentum
920 1386 1141 1465 impeditumque
1157 1405 1212 1464 qua
1299 1414 1302 1425 ·

180 1472 312 1538 solliciis
334 1471 461 1530 maximis
476 1488 531 1548 qua
549 1472 671 1529 amicitia
687 1473 846 1549 principum
865 1473 971 1548 egisse.
996 1470 1054 1531 Sed
1069 1479 1129 1529 erat
1143 1486 1212 1530 acre

206 1557 364 1632 ingenium,
389 1552 556 1612 incredibile
576 1553 713 1632 studium,
737 1572 842 1615 summa
863 1555 1016 1632 vigilantia.
1049 1552 1212 1614 Lucubrare

206 1636 408 1698 Vulcanalibus
429 1638 598 1715 incipiebat,
625 1656 686 1700 non
703 1638 867 1717 auspicandi
890 1657 975 1699 causa
996 1638 1048 1699 sed
1067 1636 1211 1716 studendi,
1225 1639 1254 1689 15

207 1725 299 1784 statim
319 1741 335 1782 a
354 1729 440 1782 nocte
455 1720 558 1799 multa,
584 1721 675 1781 bieme
690 1739 760 1782 vero
777 1723 812 1782 ab
833 1723 902 1782 hora
922 1724 1058 1800 septima,
1075 1721 1123 1782 vel
1148 1739 1214 1781 cum

206 1807 384 1883 tardissime,
400 1816 518 1882 octava,
538 1822 628 1882 saepe
645 1815 734 1866 sexta.
760 1805 828 1866 Erat
843 1824 913 1868 sane
927 1807 1017 1866 somni
1031 1807 1213 1885 paratissimi,

6 1891 23 1922 '
206 1907 262 1950 non
282 1908 431 1968 numquam
453 1891 535 1949 etiam
556 1890 630 1949 inter
649 1891 712 1968 ipsa
728 1890 821 1951 studia
841 1891 969 1951 instantis
990 1899 1019 1950 et
1039 1889 1212 1950 deserentis.

182 1974 283 2042 9Ante
303 1973 396 2032 lucem
416 1975 473 2034 ibat
496 1973 531 2033 ad
547 1972 752 2053 Vespasianum
769 1976 967 2052 imperatorem
984 1976 1061 2054 (nam
1074 1973 1124 2033 ille
1141 1989 1213 2052 quo·

209 2077 267 2138 que
282 2058 415 2118 noctibus
429 2057 590 2137 utebatur),
611 2057 676 2117 inde
696 2058 732 2118 ad
751 2057 911 2136 delegatum
929 2059 982 2119 sibi
999 2058 1131 2117 oldoium.
1155 2057 1255 2116 lle-2⁰

168 2160 200 2211 ιο
208 2161 310 2203 versus
325 2141 446 2218 domum,
464 2139 540 2221 quod
554 2140 674 2201 relicum
688 2144 836 2222 temporis,
853 2141 954 2203 studiis
968 2142 1114 2202 reddebat.
1143 2140 1214 2201 Post

209 2227 303 2286 cibum
323 2243 430 2303 saepe,
457 2243 540 2303 quem
561 2225 681 2285 interdiu
700 2225 794 2285 levem
814 2235 844 2286 et
863 2225 975 2286 facilem
990 2234 1117 2285 veterum
1131 2240 1215 2284 more

208 2311 354 2388 sumebat,
368 2317 495 2386 aestate,
512 2310 536 2368 si
551 2309 617 2387 quid
630 2311 696 2386 otii,
711 2310 821 2370 iacebat
833 2313 860 2370 in
875 2310 949 2385 sole,
965 2309 1039 2370 liber
1052 2309 1212 2387 legebatur,

208 2395 358 2455 adnotabat
373 2395 618 2472 excerpebatque.
641 2392 716 2452 Nihil
734 2395 807 2453 enim
821 2396 892 2472 legit
909 2393 985 2471 quod
999 2411 1055 2453 non
1071 2409 1214 2470 excerpe·

208 2488 266 2540 ret:
282 2479 379 2539 dicere
393 2479 475 2538 etiam
489 2477 602 2538 solebat
613 2476 718 2537 nullum
731 2496 798 2539 esse
811 2476 912 2537 librum
925 2486 981 2537 tam
995 2476 1095 2536 malum
1109 2485 1140 2536 ut
1153 2493 1211 2536 non
1221 2488 1255 2540 25

168 2576 200 2627 11
208 2563 301 2642 aliqua
314 2572 393 2641 parte
416 2562 575 2641 prodesset.
606 2561 675 2622 Post
693 2561 783 2622 solem
803 2561 971 2640 plerumque
985 2560 1086 2638 frigida
1101 2559 1214 2620 lavaba-

210 2658 269 2708 tur:
296 2646 397 2707 deinde
417 2647 549 2724 gustabat
565 2645 778 2724 dormiebatque
799 2648 955 2706 minimum:
980 2661 1047 2704 mon
1059 2645 1140 2723 quasi
1155 2643 1213 2703 alio

210 2731 256 2790 die
270 2729 404 2790 studebat
418 2733 446 2790 in
462 2748 552 2790 cenae
565 2739 687 2808 tempus.
708 2730 802 2806 Super
815 2729 888 2789 hanc
902 2729 977 2790 liber
989 2728 1149 2806 legebatur,
1164 2727 1213 2787 ad·

168 2826 201 2878 12
210 2813 369 2889 notabatur,
383 2812 541 2891 etquidem
557 2816 668 2874 cursim.
688 2811 802 2872 Memini
818 2813 956 2892 quendam
968 2831 1005 2873 ex
1018 2814 1132 2889 amicis,
1148 2827 1214 2871 curn

209 2895 303 2956 lector
317 2895 455 2973 quaedam
476 2912 626 2974 perperam
640 2899 867 2976 pmnuntiasset,
891 2913 1048 2958 revocasse
1068 2905 1099 2957 et
1117 2898 1258 2973 repetisse

211 2981 357 3057 coegisse,
371 2980 437 3039 huic
451 2978 617 3040 avunculum
630 2999 722 3040 meum
737 2981 844 3044 dixisse
858 2980 1054 3042 ‘intellexeras
1067 2975 1212 3059 nempe‘l’

212 3083 275 3126 oum
289 3063 340 3124 ille
354 3063 515 3141 adnuisset,
534 3070 598 3124 ‘cur
613 3082 683 3144 ergo
697 3061 878 3126 revocabas?
898 3065 1000 3126 decem
1015 3064 1135 3143 amplius
1147 3081 1213 3123 ver-

170 3159 202 3213 13
212 3169 261 3212 sus
274 3149 328 3209 hac
342 3158 389 3210 tua
402 3147 630 3226 interpellatione
645 3149 840 3229 perdidimus!
870 3148 957 3209 Tanta
969 3159 1029 3209 erat
1043 3148 1214 3226 parsimonia

210 3235 359 3313 temporis.
393 3234 534 3311 Surgebat
552 3243 661 3296 aestate
676 3252 692 3293 a
707 3251 777 3294 cena
792 3233 874 3310 luce,
900 3233 994 3293 bieme
1010 3235 1080 3292 intra
1095 3233 1213 3310 primam

209 3321 316 3396 noctis,
332 3327 361 3378 et
375 3325 513 3397 tamquam
527 3317 620 3396 aliqua
635 3318 703 3396 lege
718 3327 850 3396 cogente.
873 3316 952 3377 Haec
966 3319 1039 3377 inter
1048 3315 1157 3376 medios
1169 3313 1213 3374 la·
1222 3324 1258 3377 35

171 3403 300 3464 labores
321 3401 457 3480 urbisque
478 3403 627 3462 fremitum.
667 3401 698 3461 ln
719 3419 840 3462 secessu
859 3401 951 3463 solum
974 3398 1077 3461 balinei
1098 3409 1213 3477 tempus

213 3484 312 3546 studiis
332 3486 522 3545 eximebatur:
544 3502 607 3544 cum
622 3485 687 3544 dico
704 3484 825 3561 balinei,
847 3485 883 3545 de
896 3485 1078 3544 interioribus
1094 3482 1213 3561 loquor;

213 3584 275 3626 num
290 3565 354 3627 dum
368 3568 551 3644 destringitur
561 3569 748 3646 tergiturque,
763 3569 894 3629 audiebat
905 3567 1010 3646 aliquid
1021 3577 1068 3626 aut
1079 3565 1212 3626 dictabat.

794 3657 815 3686 0
