2632 4096
208 311 250 376 68
633 308 667 370 0.
691 305 789 370 l'bllll

209 472 278 542 eget
292 461 359 539 quid
375 479 507 524 sermone
518 461 609 540 petrio
627 461 786 540 exprimere
806 461 919 538 possis,
939 477 1003 518 cum
1022 459 1078 520 boc
1091 460 1214 520 insiticio

206 557 239 610 ct
253 547 369 610 inducto
388 557 444 609 tem
461 544 609 626 praeclara
624 561 713 624 opere
729 542 900 623 perfeceris.
928 541 1011 606 Vale.

678 675 744 737 nn.
1310 647 1311 712 l

418 777 445 829 G.
462 776 586 828 PLINIUS
604 775 694 827 SOSIO
711 773 876 826 SENECIONI
894 771 955 826 SUO
976 771 1002 827 S.
1223 813 1240 863 5

190 890 206 942 1
274 877 444 940 Varisidium
459 876 602 956 Nepotem
615 874 791 938 validissime
806 871 912 950 diligo,
928 874 1018 932 sirum
1034 872 1214 951 industrium,

209 971 331 1039 rectum,
349 960 496 1038 disertum,
513 961 591 1039 quod
604 959 679 1038 apud
692 977 738 1020 nse
752 956 800 1018 vel
818 957 1047 1036 potentissimum
1058 967 1115 1018 est.
1135 956 1216 1018 Idem

213 1043 246 1106 G.
266 1043 430 1124 Calvisium,
446 1043 679 1106 contubernalem
691 1059 803 1119 meum,
818 1041 940 1102 amicum
955 1050 1051 1118 tuum,
1072 1050 1133 1102 erte
1147 1058 1216 1119 pro·

185 1130 369 1207 tpinqnitate
383 1128 589 1208 conplectitur:
604 1137 650 1190 est
662 1129 738 1189 enim
754 1125 828 1188 tilius
843 1125 961 1186 sororis.
983 1123 1065 1183 Hunc
1079 1141 1154 1203 rogo
1168 1143 1216 1187 se·

211 1214 310 1273 mentri
331 1213 472 1274 tribunatu
487 1213 710 1292 splendidiorem
726 1219 757 1274 et
774 1211 829 1272 sibi
845 1218 875 1269 et
888 1208 1030 1268 avunculo
1047 1226 1100 1269 sno
1116 1209 1213 1272 iacies.
1228 1226 1261 1276 re

210 1295 438 1376 deligatum,
461 1296 603 1376 obligabis
619 1294 773 1358 calvinum
788 1303 935 1370 nostrum,
951 1291 1092 1369 obligabis
1109 1295 1214 1371 ipsun,

186 1387 269 1442 bnon
284 1383 376 1442 minus
391 1381 523 1442 idoneum
537 1381 697 1442 debitorem
712 1395 797 1458 quem
809 1395 862 1439 nos
877 1386 970 1456 putes.
1001 1375 1092 1438 llulta
1107 1376 1216 1438 beneb-

211 1466 255 1524 cia
268 1467 298 1525 in
311 1465 416 1527 multos
437 1463 599 1526 contulisti:
620 1466 710 1526 ausim
731 1461 906 1524 contendere
928 1459 1035 1520 nullum
1056 1460 1215 1538 tenelius,

210 1565 303 1626 aequo
319 1548 394 1609 bene
409 1566 494 1609 nnun
511 1557 558 1608 out
574 1547 693 1608 olternm
710 1545 888 1608 conlocesse.
920 1543 1000 1606 Vele.

695 1683 722 1742 v
1228 1650 1261 1700 15

498 1783 526 1834 G.
545 1781 670 1833 PLINIUS
688 1779 811 1832 SPARSO
827 1779 886 1832 SUO
902 1779 929 1830 S.

190 1890 203 1940 l
275 1884 440 1946 Aeschinen
451 1887 526 1946 aiunt
534 1884 697 1963 petentibus
704 1881 824 1946 Rhodiis
836 1883 945 1964 legisse
959 1886 1113 1945 cretionem
1125 1898 1215 1958 suum,

187 1967 314 2028 ideinde
328 1967 543 2046 Demosthenis,
558 1970 673 2028 summis
685 1977 831 2048 utramque
846 1967 1024 2030 clamoribus.
1056 1966 1141 2040 Quod
1155 1975 1217 2026 tau·

211 2059 304 2112 torum
323 2053 447 2112 virorum
468 2054 581 2130 seriptis
599 2053 755 2130 contigisse
775 2069 832 2114 nen
847 2053 950 2129 miror,
971 2070 1038 2113 cnm
1057 2052 1262 2114 cretionemao

209 2151 302 2194 meam
318 2137 448 2212 proxime
467 2136 625 2197 doctissimi
644 2136 773 2197 homines
795 2136 851 2196 boc
867 2137 981 2214 studio,
1006 2136 1063 2196 boc
1078 2135 1215 2212 adsensu,
1312 2185 1313 2202 ,

209 2218 268 2278 boc
286 2220 370 2279 etiem
385 2219 485 2280 labore
501 2238 555 2299 per
570 2220 686 2281 biduum
703 2219 856 2298 audierint,
879 2221 1006 2300 quemvis
1028 2220 1217 2280 intentionem
1312 2209 1313 2288 l

214 2319 313 2363 eornm
325 2302 404 2365 nulle
416 2303 482 2364 bino
496 2315 526 2365 et
542 2303 607 2366 inde
625 2302 758 2382 collatio,
781 2303 888 2364 nullum
910 2306 991 2383 quasi
1008 2313 1152 2364 ccrtnen
1168 2319 1216 2364 eo-

187 2386 361 2448 ecendsrsr.
405 2387 476 2448 Nem
502 2387 607 2449 Rbodii
627 2405 691 2448 cunr
714 2388 785 2466 ipsis
806 2391 964 2450 orationum
985 2388 1136 2448 virtutibus
1158 2395 1218 2446 tnm

210 2473 294 2531 etiem
316 2474 534 2553 comparationis
556 2472 665 2534 eculeis
687 2473 900 2552 excitabantur,
920 2481 1019 2534 nostra
1041 2473 1131 2532 oratio
1153 2473 1262 2538 sinens

209 2554 405 2618 aemulationis
419 2559 509 2635 gretie
523 2556 704 2637 probabatur.
726 2556 771 2616 An
786 2559 900 2635 morito,
918 2559 1008 2636 scies,
1024 2573 1088 2617 cum
1105 2555 1215 2634 legeris

208 2637 322 2716 librum,
341 2643 422 2701 coins
436 2641 590 2720 amplitudo
607 2658 665 2701 non
679 2640 746 2700 sinit
760 2659 809 2702 roe
822 2639 954 2720 longiore
965 2639 1088 2720 epistula
1102 2638 1215 2719 preelo·

186 2723 269 2800 iqui.
304 2722 426 2802 Oportet
446 2728 521 2786 esim
535 2743 589 2786 nos
612 2727 642 2785 in
659 2722 713 2783 bac
734 2734 813 2785 certe
828 2727 857 2786 in
873 2743 928 2805 qne
943 2742 1096 2804 possumus
1109 2724 1215 2784 breves

210 2823 295 2882 esse,
311 2824 369 2884 qno
385 2809 423 2868 sit
436 2809 598 2869 excusatius
620 2805 697 2888 qnod
712 2805 816 2868 librnm
830 2811 939 2889 ipsum,
959 2828 1017 2871 non
1032 2819 1126 2870 tamen
1141 2807 1216 2868 ultra

210 2903 314 2950 cousee
328 2889 541 2969 amplitudinem
555 2892 743 2953 extendimus.
775 2891 856 2954 Vale.
954 2944 957 2949 .
1224 2896 1261 2952 eo

676 3025 725 3088 vl.

453 3122 482 3174 o.
499 3124 624 3176 nunnius
639 3125 726 3178 nunno
744 3124 865 3176 nasoni
882 3124 943 3178 sno
959 3123 985 3175 s,

183 3231 198 3282 1
271 3218 358 3282 'lusci
378 3222 515 3300 mendino
537 3227 672 3304 excussi,
694 3228 722 3286 in
741 3225 863 3303 regione
887 3224 1085 3304 'lrenspsdene
1107 3242 1216 3286 sumne

208 3302 375 3366 abundantia
395 3304 447 3367 sed
468 3324 521 3387 per
537 3308 631 3369 vilitas
651 3311 807 3370 nuntietur:
824 3309 918 3369 solnm
936 3307 1004 3372 mibi
1016 3307 1260 3376 inureurnmes

181 3395 301 3448 tmeum
316 3390 345 3447 in
365 3389 468 3450 reditu.
499 3390 578 3452 Nibil
594 3391 708 3472 quidem
721 3394 760 3453 ibi
782 3394 920 3473 possideo
935 3402 1051 3472 praeter
1063 3401 1173 3454 tectum
1186 3404 1218 3456 et

208 3469 319 3532 bortum
332 3475 481 3552 statimqne
493 3474 623 3554 barenas,
635 3475 728 3536 solnm
739 3485 832 3538 temen
843 3477 910 3537 mibi
921 3477 1062 3538 inteditu.
1084 3475 1127 3538 lbi
1139 3480 1218 3539 enim

209 3553 359 3631 plurimum
373 3557 471 3618 scribo
487 3576 543 3620 nec
558 3575 676 3638 ugrum,
692 3577 776 3638 quem
790 3578 848 3622 non
863 3561 974 3640 babeo,
993 3561 1046 3622 sed
1059 3563 1154 3640 ipsun
1169 3580 1217 3624 me
