2632 4096
392 313 791 380 pessumsedere.
1045 313 1088 380 97

85 467 158 536 rius:
172 467 250 530 nulla
262 470 422 530 necessitas
438 478 535 546 togae,
549 485 633 528 nemo
649 468 806 528 accersitor
820 485 857 528 ex
867 469 1012 546 proximo:
1028 469 1088 546 pla·

86 551 147 612 cide
163 553 255 614 omnia
269 561 299 614 et
316 555 506 632 quiescentia;
528 552 604 630 quod
624 553 716 630 ipsum
733 550 888 612 salubritati
908 553 1036 630 regionis
1057 563 1088 614 ut

85 636 181 714 purius
199 636 320 714 caelum,
335 645 366 696 ut
380 642 431 696 aer
445 635 578 714 liquidior
594 635 714 696 accedit.
740 634 783 694 lbi
795 636 898 713 animo,
913 635 953 695 ibi
964 652 1087 713 corpore

84 721 203 780 maxime
218 721 313 781 valeo.
345 718 416 780 Nam
429 720 530 780 studiis
546 721 681 796 animum,
703 727 811 780 uenatu
826 735 932 798 corpus
952 736 1087 781 exerceo.

62 801 139 863 illei
153 821 272 882 quoque
282 821 421 883 nusquam
436 801 577 866 salubrius
592 801 713 880 degunt:
728 819 821 880 usque
834 802 928 864 adhuc
942 811 1022 864 certe
1037 822 1130 878 rue-46

83 888 185 947 minem
201 889 289 948 exiis
304 905 377 966 quos
394 887 545 948 eduxeram
559 903 671 946 mecum
681 885 780 964 (venia
791 888 829 948 sit
843 887 936 966 dicto)
948 887 986 948 ibi
998 888 1085 948 amisi,

83 968 118 1029 lli
127 971 215 1032 modo
230 973 258 1030 iu
269 981 415 1050 posterum
426 971 483 1031 hoc
493 969 560 1030 mihi
574 969 716 1047 gaudium,
731 970 803 1030 hanc
817 969 936 1048 gloriam
948 970 1015 1032 loco
1024 963 1087 1032 ser·

84 1063 160 1114 vent.
192 1053 276 1114 Vale.

354 1235 379 1285 G.
401 1232 527 1287 PLINIUS
544 1232 693 1285 cnuvtsto
712 1231 773 1284 SUO
790 1232 816 1282 S.

143 1333 208 1396 Nec
226 1335 362 1396 heredem
378 1338 484 1397 institui
504 1354 560 1396 nec
579 1336 749 1415 praecipere
768 1352 856 1413 posse
871 1353 932 1396 rem
946 1336 1111 1415 publicaml

87 1428 208 1480 constat:
226 1419 390 1480 Saturninus
405 1430 517 1497 autem,
540 1422 655 1498 quinos
669 1418 785 1498 reliquit
798 1419 933 1497 heredes,
950 1418 1087 1498 quadran·

85 1510 140 1563 tem
153 1505 196 1563 rei
211 1503 346 1582 publicae
361 1513 487 1582 nostrae,
504 1503 606 1563 deinde
620 1521 673 1581 pro
686 1503 839 1582 quadrante
854 1506 1088 1584 praeceptionem

88 1587 351 1664 quadringentorum
371 1587 476 1648 milium
490 1587 578 1647 dedit.
609 1585 688 1662 Hoc,
702 1589 727 1647 si
741 1588 785 1646 ius
800 1589 941 1666 aspicias,
963 1589 1085 1666 inritum,

49 1679 79 1730 15
86 1671 109 1730 si
123 1669 250 1731 defuncti
272 1670 461 1747 voluntatem,
483 1680 572 1731 ratum
586 1679 615 1730 et
630 1671 737 1729 iirmum
757 1679 812 1731 est.
842 1669 911 1730 dlihi
929 1681 1022 1732 autern
1038 1671 1114 1742 ‹ts-2

85 1753 170 1815 iuncti
182 1754 316 1815 voluutas
332 1755 454 1834 (uereor
468 1772 551 1834 quam
560 1756 589 1812 in
602 1764 711 1832 partem
722 1755 791 1813 iuris
803 1753 925 1814 consulti
936 1755 1013 1832 quod
1025 1771 1087 1816 sum

85 1837 208 1910 dicturus
232 1838 384 1918 accipiant)
405 1839 545 1917 antiquior
565 1839 627 1897 iure
648 1848 710 1914 est,
735 1839 833 1916 utique
852 1839 880 1896 in
903 1855 939 1896 eo
955 1838 1031 1916 quod
1052 1838 1087 1898 ad

85 1937 259 1982 communem
274 1922 389 1999 patriam
399 1921 490 1982 voluit
506 1922 668 2000 pervenire.
699 1921 761 1999 An,
783 1921 830 1980 cui
846 1919 882 1980 de
899 1937 965 1983 mec
979 1932 1113 1992 uester-3

85 2007 149 2063 tium
167 2005 329 2084 [se]decies
351 2005 475 2083 contuli,
498 2005 567 2065 huic
583 2003 852 2083 quadringentorum
871 2003 978 2064 milium
999 2005 1086 2085 paulo

50 2088 200 2167 inamplius
213 2091 325 2150 tertiam
338 2099 447 2169 partem
458 2107 495 2149 ex
506 2089 666 2150 adventicio
679 2085 841 2166 denegem?
852 2087 921 2148 Scio
932 2099 962 2150 te
971 2107 1086 2169 quoque

86 2190 101 2231 a
118 2172 224 2233 iudicio
241 2190 306 2233 meo
325 2191 381 2233 uon
402 2173 573 2251 abhorrere,
595 2190 659 2232 cum
678 2171 796 2232 eandem
816 2173 1037 2251 rempublicam
1056 2182 1087 2232 ut

87 2257 151 2317 civis
174 2257 300 2335 optimus
320 2256 431 2335 diligas.
464 2255 556 2317 Velim
576 2273 666 2333 ergo,
692 2273 755 2315 cum
770 2257 897 2335 proxime
912 2256 1110 2324 decuriones4

87 2341 300 2416 contrahentur,
323 2341 390 2420 quid
405 2343 442 2401 sit
462 2341 530 2401 iuris
546 2339 666 2417 indices,
683 2357 769 2418 parce
783 2349 876 2400 tamen
892 2349 921 2400 et
936 2340 1083 2408 modeste;

87 2421 182 2484 deinde
208 2423 362 2502 subiungas
383 2441 436 2486 nos
459 2423 660 2502 quadringenta
678 2421 753 2482 milia
774 2423 896 2501 offerre,
917 2425 991 2484 sicut
1005 2441 1087 2503 prae·

51 2509 194 2586 ttceperit
216 2507 390 2570 Saturninus.
429 2506 509 2568 Illius
528 2508 584 2568 hoc
603 2524 720 2584 munus,
747 2504 823 2566 illius
842 2505 1013 2576 liberalitas;
1035 2523 1085 2567 uo·

88 2599 171 2649 strum
187 2601 296 2651 tantum
312 2592 480 2670 obsequium
498 2599 627 2651 uocetur.
661 2588 740 2650 llaec
754 2606 811 2668 ego
826 2590 955 2650 scribere
970 2589 1113 2668 publices

89 2675 251 2753 supersedi,
268 2678 400 2754 primum,
417 2675 493 2753 quod
504 2677 683 2735 memineram
698 2691 749 2752 pro
766 2672 978 2734 necessitudine
992 2675 1087 2734 amici·

89 2757 139 2817 tiae
159 2769 293 2836 nostrae,
323 2776 375 2839 pro
398 2758 532 2819 facultate
553 2757 719 2837 prudentiae
741 2766 806 2818 tuae
828 2765 857 2816 et
878 2755 986 2818 debere
1007 2766 1036 2818 te
1058 2767 1088 2818 et

89 2857 172 2916 posse
187 2843 308 2922 perinde
322 2845 394 2903 meis
410 2859 443 2903 ac
459 2844 513 2903 tuis
530 2841 657 2921 partibus
673 2841 767 2918 iungi;
790 2839 910 2918 deindo,
926 2844 991 2920 quia
1004 2859 1088 2902 vere·

55 2919 135 2982 tutas
150 2943 187 2986 ne
203 2925 329 3004 modum,
344 2945 429 3006 quem
443 2926 493 2987 tihi
509 2928 537 2984 iu
548 2941 680 2986 sermone
695 2923 840 2985 custodire
855 2924 940 2985 facilc
962 2935 1024 3004 est,
1044 2935 1087 2986 to·

90 3008 180 3068 unisse
194 3011 223 3068 iu
241 3009 364 3086 epistula
377 3026 433 3069 uon
449 3008 574 3069 uiderer.
594 3006 665 3068 Nam
680 3025 840 3070 sermonem
849 3007 957 3087 vultus,
972 3017 1112 3086 gestus,6

90 3105 142 3148 ror
153 3093 216 3170 ipsa
232 3094 403 3171 moderatur,
420 3091 543 3171 epistula
555 3092 684 3153 omnibus
700 3092 987 3153 commendationibus
1000 3092 1086 3153 desti·

91 3179 145 3234 tuta
159 3176 321 3254 malignitati
337 3176 581 3254 interpretantium
595 3180 756 3256 exponitur.
787 3174 868 3236 Vale.

545 3291 623 3354 utu.

57 3379 86 3434 ³5
285 3391 312 3446 o.
332 3389 455 3442 ruinius
475 3389 593 3443 uiuum
612 3391 760 3442 cnurroro
776 3389 836 3441 suo
853 3390 880 3440 s.

150 3473 257 3536 Suades
274 3486 305 3536 ut
319 3475 465 3538 historiam
482 3477 621 3555 scribam,
648 3487 677 3538 et
691 3476 795 3538 suades
815 3492 872 3536 non
886 3473 981 3534 solus:
1006 3473 1106 3538 multit

94 3551 150 3694 hoq
164 3574 315 3701 meppepe
335 3569 518 3638 monuerunt,
543 3570 573 3622 et
592 3577 649 3637 ego
669 3560 755 3636 volo,
782 3577 839 3620 non
853 3561 922 3700 quiq
937 3557 1085 3620 commode

150 3658 200 3697 tuo
256 3687 263 3702 .
697 3697 708 3720 ,

50 1267 78 1318 10
