2614 4104
388 230 654 295 Pnnnotntous
672 241 717 296 63.
729 240 773 295 64.
783 240 827 294 65.
1043 229 1106 293 279

93 401 258 454 senatores.
287 389 422 466 Plerique
436 395 532 448 mmcn
545 403 603 446 non
616 393 671 446 tum
686 385 820 462 superbia
836 401 919 464 quarn
935 393 1015 444 motu
1034 402 1106 464 quo·

93 475 161 538 dam
171 473 430 536 summovebantur.
443 469 488 528 An
498 479 662 547 stuprorum
673 469 728 528 sibi
738 470 969 547 incestarumque
979 471 1105 528 noctium

93 559 226 635 conscii,
248 557 376 634 auspicia
389 552 522 633 polluere
536 562 733 631 sacratumque
749 569 878 636 campum
891 551 1003 611 nefario
1018 551 1104 612 eude-

90 650 160 702 rent
181 643 370 702 contaminare
390 633 537 716 vestigio?
564 633 628 696 Non
647 635 721 697 adeo
742 635 814 697 deos
829 635 1017 714 hominesque
1036 653 1104 696 ecn-

57 734 79 786 5
91 733 290 802 tempserunt,
308 724 381 784 utin
395 720 672 798 illaspeciosissima
688 719 760 780 sede
772 717 916 780 hominum
927 717 1104 798 deorumque

92 811 246 868 coniectos
267 811 296 868 in
317 825 350 867 se
372 803 475 867 oculos
489 805 567 864 ferre
582 821 617 864 ae
632 805 747 882 perpeti
761 813 890 882 possent.
927 802 989 862 Tibi
1006 813 1104 864 contra

90 901 123 951 et
135 891 294 952 moderatio
308 898 354 949 tua
368 889 457 950 suasit
471 898 501 948 et
514 891 649 950 sanctitas
663 897 694 946 nt
704 896 733 948 te
750 897 780 948 et
792 886 926 966 religioni
942 887 1059 948 deorum
1073 896 1104 947 et

90 973 207 1036 indiciis
222 975 364 1034 hominum
377 973 541 1033 exhiberes.
573 971 631 1032 Alii
652 970 829 1033 consulatum
844 981 909 1032 ente
928 989 1009 1051 quem
1025 973 1101 1032 aeci·
1111 967 1154 1033 ol

90 1067 214 1136 parent,
242 1068 273 1118 tu
293 1067 323 1117 et
345 1057 410 1116 dum
431 1058 541 1134 accipis
554 1057 692 1116 meruisti.
725 1052 842 1116 Peracta
858 1066 938 1116 eraut
954 1055 1104 1117 sollemnia

40 1151 81 1203 lo
93 1142 289 1218 comitiorum,
316 1143 340 1202 si
361 1141 519 1218 principem
540 1141 701 1216 cogitares,
729 1141 841 1216 iamque
856 1158 889 1200 se
911 1142 1000 1200 omnis
1020 1139 1103 1199 turbo
1145 1189 1146 1194 ,

92 1233 305 1303 commoverat,
333 1242 397 1284 cunr
416 1233 445 1284 ιι
465 1223 630 1284 mirantibus
653 1226 764 1284 cunctis
785 1223 902 1282 accedis
922 1222 958 1282 ad
975 1222 1103 1284 consulis

91 1307 212 1385 sellam,
228 1308 397 1386 adigendum
412 1317 441 1368 te
456 1307 579 1384 praebes
592 1308 621 1365 in
631 1306 719 1366 verba
732 1307 909 1386 principibus
917 1307 1032 1383 ignota,
1047 1305 1102 1366 nisi

92 1410 159 1451 oum
174 1393 267 1452 iurare
282 1400 422 1469 cogerent
432 1389 515 1451 alios.
536 1389 626 1450 Vides
637 1409 720 1468 quam
730 1392 925 1450 necessarium
936 1390 1021 1452 fucrit
1033 1405 1102 1450 con·

89 1475 281 1536 sulatumncn
292 1493 437 1536 recusare.
458 1473 522 1534 Non
536 1483 714 1552 putassemus
725 1473 801 1535 istud
812 1482 842 1534 te
850 1474 988 1536 facturum
998 1473 1100 1550 fuisse,

41 1561 118 1620 15si
137 1577 317 1621 recusasses.
354 1559 482 1636 Stupco,
510 1567 607 1635 patres
629 1560 800 1636 conscripti,
826 1558 947 1620 necdum
968 1559 1037 1619 satis
1054 1567 1102 1618 aut

89 1642 189 1703 oeulis
202 1644 276 1704 ,meis
298 1653 345 1704 aut
366 1643 480 1702 auribus
502 1641 604 1718 eredo,
625 1651 711 1719 atquc
727 1641 881 1702 identidem
896 1659 942 1701 me
956 1659 991 1701 au
1004 1640 1101 1702 audie-

88 1729 164 1802 rim,
188 1745 223 1787 an
242 1726 360 1786 viderim
380 1727 538 1804 interrogo.
571 1724 729 1803 Imperator
745 1741 816 1802 crgo
832 1734 861 1785 et
877 1722 983 1784 Caesar
998 1734 1028 1785 ct
1043 1723 1101 1784 Au-

89 1820 195 1888 gustus
209 1819 238 1870 ct
253 1809 383 1888 pontifex
403 1811 540 1868 maximus
554 1811 633 1869 stetit
648 1818 712 1870 ante
728 1810 866 1885 gremium
884 1807 1030 1887 consulis,
1052 1827 1101 1869 se·

90 1895 192 1972 ditque
207 1892 308 1954 consul
321 1895 452 1972 principe
468 1902 533 1952 aute
548 1911 581 1952 se
596 1902 707 1970 stante,
726 1901 756 1953 et
777 1892 850 1952 sedit
864 1891 1037 1968 inturbatus,
1058 1892 1098 1951 in·

41 1978 227 2053 soterritus,
242 1986 271 2036 et
284 1987 424 2054 tamquam
438 1978 475 2037 ita
491 1977 553 2036 fieri
568 1975 686 2037 soleret.
710 1975 881 2048 Quinetiam
895 1975 1002 2037 sedens
1016 1993 1100 2054 prae·

34 2137 38 2146 Ι
88 2062 142 2120 ivit
157 2060 367 2137 iusiurandum,
384 2070 413 2121 et
423 2059 473 2120 ille
485 2061 595 2136 iuravit,
612 2062 766 2140 expressit,
783 2059 1001 2139 explanavitque
1012 2059 1100 2120 verba

90 2143 196 2222 quibus
220 2154 305 2222 ceput
320 2162 416 2220 sunm,
440 2143 551 2203 domum
565 2161 660 2221 suam,
684 2144 709 2205 si
724 2146 820 2204 sciens
835 2143 1008 2222 fefellisset,
1031 2143 1100 2204 deo·

88 2246 153 2288 rum
171 2229 230 2288 irae
247 2235 440 2288 consecraret.
464 2225 587 2305 Ingens,
601 2226 723 2304 caesar,
741 2235 770 2288 et
784 2245 835 2306 par
850 2226 942 2305 gloria
956 2238 1021 2304 tna,
1037 2229 1099 2286 sive

89 2311 216 2372 fecerint
233 2311 308 2371 istud
322 2320 424 2391 postea
440 2313 586 2390 principes
600 2313 663 2373 sive
677 2328 733 2371 non
749 2311 880 2371 feceriut.
914 2309 1015 2370 Ullane
1030 2311 1098 2370 satis

44 2405 80 2457 25
91 2395 179 2472 digna
193 2395 367 2474 praedicatio
382 2403 429 2456 est
439 2393 514 2456 idem
528 2396 613 2455 tertio
628 2393 775 2466 consulem
786 2394 894 2455 iecisse
906 2392 982 2474 quod
996 2395 1098 2472 primo,

90 2478 168 2539 idem
191 2481 349 2557 principem
369 2478 446 2559 qnod
465 2480 621 2556 privatum,
648 2476 723 2539 idem
737 2479 938 2557 imperatorem
953 2475 1030 2555 qnod
1044 2477 1098 2537 snb

91 2559 287 2640 imperatore?
313 2561 423 2624 Nescio
441 2564 512 2639 iam,
538 2564 638 2623 nescio
659 2561 844 2640 pulchriusne
868 2563 906 2623 sit
925 2561 1001 2622 istud
1021 2560 1099 2639 qood

90 2655 249 2723 praeeunte
264 2645 360 2723 nullo,
375 2665 408 2706 an
423 2645 480 2706 hoo
496 2645 572 2724 qnod
586 2644 643 2706 alio
657 2655 813 2724 praeeunte
827 2647 935 2706 iurasti.
954 2644 986 2704 ln
997 2647 1097 2705 rostris
1108 2639 1149 2702 65

91 2747 209 2807 quoque
230 2729 313 2792 simili
333 2728 474 2807 religione
495 2732 559 2808 ipse
579 2740 608 2790 te
630 2729 747 2806 legibus
776 2729 939 2806 subiecisti,
972 2728 1098 2806 legibus,

45 2811 218 2890 eocaesar,
241 2831 312 2892 ques
331 2831 414 2874 nemo
430 2814 552 2892 principi
566 2815 691 2892 scripsit.
718 2811 776 2872 Sed
791 2822 819 2872 tu
836 2811 904 2875 nihil
921 2813 1041 2891 amplius
1055 2815 1100 2874 vis

92 2897 143 2956 tibi
158 2895 247 2956 licere
264 2916 346 2976 quam
360 2899 457 2958 nobis:
477 2898 520 2958 sic
541 2897 570 2956 lit
585 2906 616 2956 ut
631 2915 685 2958 nos
699 2898 749 2958 tibi
764 2896 830 2977 plus
846 2897 978 2958 velimus.
1014 2895 1100 2970 Quod

93 2997 151 3056 ego
165 2998 240 3040 nunc
254 2981 374 3060 primum
389 2981 488 3056 audio,
503 2999 578 3042 nnnc
594 2983 711 3057 primum
723 2981 821 3060 disco,
837 3000 893 3042 non
907 2991 953 3043 est
964 2983 1098 3059 princeps

92 3081 182 3140 super
195 3063 290 3142 leges,
308 3065 361 3126 sed
374 3063 458 3143 leges
472 3082 561 3143 super
572 3066 744 3142 principem,
759 3065 892 3144 idemque
903 3064 1019 3125 Caesari
1031 3080 1098 3125 con·

93 3146 149 3208 suli
164 3148 240 3226 quod
256 3150 362 3210 ceteris
377 3165 433 3208 non
448 3147 527 3208 licet.
559 3147 635 3210 Iurat
650 3151 678 3208 in
693 3148 789 3226 legem
802 3146 1013 3208 attendentibus
1029 3147 1097 3213 diis:

48 3241 156 3294 35narn
178 3233 224 3292 cni
243 3233 333 3309 magis
354 3249 437 3310 quam
459 3229 574 3293 Caesari
597 3229 760 3293 attendant?
789 3233 860 3290 iuret
881 3231 1098 3291 observantibus

92 3316 127 3373 iis
140 3315 242 3392 quibus
256 3315 332 3376 idem
346 3314 491 3374 iurandum
505 3325 569 3391 cst,
592 3333 649 3374 non
663 3318 777 3392 ignarus
794 3312 899 3392 alioqui
915 3314 1018 3373 nemini
1032 3311 1107 3398 reli-⁸

93 3399 203 3474 giosius
219 3398 294 3478 qnod
308 3398 443 3462 iuraverit
459 3397 673 3459 custodiendum
686 3415 769 3476 quam
784 3399 864 3458 cuius
878 3399 998 3458 maxime
1013 3397 1106 3456 inter-³

93 3489 139 3542 cst
157 3498 214 3542 non
234 3482 366 3560 pejerari.
401 3478 500 3560 ltaque
521 3489 551 3541 et
566 3481 691 3543 abiturus
708 3481 856 3542 consulatu
873 3481 970 3542 iurasti
986 3488 1015 3539 te
1029 3479 1097 3540 nihil
