2614 4104
261 229 521 292 nrrsrmsauu
534 241 709 296 ms-ns.
725 235 926 313 [1oe.·-nrs.]
1032 233 1094 298 aas

482 380 596 469 cumr.
621 380 719 465 [oxu

420 481 588 532 TRAIANUS
605 481 713 533 PLINIO
732 481 758 532 S.

145 583 216 658 Quo
239 585 301 645 inre
314 585 354 645 uti
369 584 491 645 debeant
504 584 641 660 Bithynae
655 584 704 646 vel
721 584 855 646 Ponticae
874 586 1002 647 civitates
1017 585 1046 644 iu
1059 586 1093 646 iis

78 669 216 746 pecuniis
240 687 313 748 qnae
335 687 374 730 er
393 687 505 748 quaque
529 687 615 731 causa
635 671 678 730 rei
704 668 837 747 publicae
858 669 1037 730 debebantur
1057 687 1095 729 ex

54 751 147 830 alege
164 753 311 831 cuiusque
326 752 603 814 animadvertendum
616 763 670 814 est.
697 751 768 813 Nam
782 754 844 814 sive
858 753 963 814 babent
978 751 1093 832 privile·
1199 751 1202 760 ’

78 837 157 912 mum
169 854 233 916 quo
250 837 355 898 ceteris
371 835 559 900 creditoribus
575 847 791 917 anteponantur,
808 837 1022 899 custodiendum
1035 846 1092 915 est,

80 920 143 980 sive
170 937 235 980 non
258 920 379 999 habeut,
406 922 435 980 iu
458 922 584 984 iniurIam
606 924 779 1002 privatorum
800 921 829 981 id
856 920 914 981 dari
936 940 952 982 a
971 939 1016 981 me
1036 939 1093 981 non

80 1004 243 1081 oportebit.

44 1189 74 1240 10
308 1198 334 1251 0.
354 1200 479 1253 PLINIUS
498 1100 870 1253 'NNNIANNIINPERATORL

143 1295 290 1374 Ecdicus,
307 1297 431 1378 domine,
446 1299 645 1362 Amisenorum
659 1299 781 1362 civitatis
795 1299 914 1378 petebat
927 1299 1002 1378 apud
1017 1311 1117 1362 meai

82 1376 156 1440 Iulio
176 1381 288 1444 Pisone
310 1383 487 1445 denariorum
509 1386 624 1446 circiter
645 1383 827 1464 quadraginta
840 1382 927 1461 milia,
945 1382 1045 1443 donata
1065 1384 1094 1442 ei

83 1463 203 1541 publice
219 1476 287 1528 aute
301 1469 400 1547 viginti
421 1486 510 1530 annos
532 1467 599 1528 bule
619 1479 649 1530 et
664 1466 792 1530 ecclesia
805 1469 1014 1543 consentiente,
1031 1476 1093 1528 utc-

86 1546 229 1629 baturque
244 1551 379 1614 mandatis
394 1555 467 1630 tois,
490 1553 592 1631 quibus
613 1552 751 1613 eiusmodi
772 1551 938 1613 donatIones
951 1561 1091 1612 vetantur.

49 1629 150 1695 15Piso
173 1645 277 1696 contra
298 1634 416 1714 plurima
433 1655 466 1696 se
486 1638 514 1695 iu
534 1654 594 1697 rem
611 1636 753 1716 publicam
774 1634 930 1697 contulisse
950 1652 984 1694 ac
999 1645 1119 1714 propeu

86 1723 159 1778 totas
174 1717 329 1779 facultates
344 1738 482 1798 erogasse
495 1719 616 1780 dicebat.
638 1719 771 1780 Addebat
782 1720 865 1780 etiam
877 1719 1014 1797 temporis
1026 1735 1092 1796 spe·

86 1798 152 1860 tium
167 1802 394 1884 postulabatque
414 1823 451 1864 ne
471 1803 591 1882 id'quod
606 1819 658 1882 pro
674 1803 769 1864 multis
789 1813 818 1863 et
840 1802 907 1862 olim
927 1803 1092 1880 accepisset

87 1899 151 1946 cum
172 1888 330 1949 eversione
344 1887 472 1968 reliquae
486 1886 628 1965 dignitatis
644 1887 766 1949 reddere
782 1895 945 1964 cogeretur.
981 1884 1092 1960 Quibus

36 2001 39 2008 ·
87 1982 123 2026 ex
135 1973 235 2032 causis
254 1973 392 2050 integram
408 1973 599 2050 cognitionem
613 1971 796 2033 differendam
811 1971 987 2050 existimavi,
1005 1977 1035 2029 ut
1050 1977 1091 2044 te,

49 2047 210 2131 tedomine,
230 2054 410 2116 consulerem
425 2056 491 2134 quid
506 2057 683 2134 sequendum
698 2065 823 2135 putares.

441 2213 443 2218 ·
487 2187 562 2249 cxr.
584 2187 696 2269 [curro

417 2288 578 2340 TRAIANUS
594 2287 700 2340 PLINIO
720 2289 746 2338 S.

148 2388 233 2449 Sicut
249 2387 413 2468 largitiones
434 2409 472 2452 ex
492 2389 609 2470 publico
629 2391 690 2452 fieri
710 2390 836 2452 mandata
852 2391 1020 2470 probibent,
1042 2392 1091 2468 ita,

52 2474 124 2528 tine
137 2472 293 2534 multorum
306 2475 446 2536 securitas
461 2475 627 2553 subruatur,
651 2475 742 2536 iactas
757 2484 820 2536 ante
835 2474 1006 2553 aliquantum
1021 2483 1091 2535 tem·

90 2555 330 2628 pousrsueoteri
350 2560 480 2638 atquem
493 2560 606 2620 inritum
625 2558 759 2620 vindicari
774 2576 830 2619 nou
845 2566 971 2638 oportet.
1005 2556 1092 2630 Quid·
1193 2569 1197 2576 '

91 2637 155 2713 quid
171 2659 246 2720 ergo
266 2659 303 2704 ex
323 2642 377 2703 bac
399 2660 484 2703 causa
497 2652 591 2722 actum
611 2653 677 2704 ante
696 2643 797 2721 viginti
812 2660 901 2704 anuos
917 2644 989 2720 erit,
1009 2643 1091 2702 omit·

92 2725 188 2786 amus.
222 2723 287 2786 Non
306 2728 398 2786 minus
412 2728 487 2787 enim
500 2726 659 2790 bominibus
674 2728 813 2806 cuiusque
828 2726 887 2789 loci
904 2744 986 2810 quam
1002 2743 1090 2805 pecu·

91 2802 152 2868 tite
164 2808 298 2886 publicae
314 2810 474 2872 consultum
488 2810 565 2873 volo.

470 2941 557 3006 oxu.
581 2941 708 3024 [cumn

312 3043 339 3094 G.
358 3044 483 3096 PLINIUS
498 3045 642 3097 TRAIANO
657 3044 866 3098 IMPERATORI.

151 3139 211 3204 Irex
227 3143 372 3224 Pompelo,
388 3145 512 3224 domine,
529 3165 583 3225 qua
596 3147 708 3222 bithyni
724 3156 754 3208 et
767 3146 876 3208 Pontici
889 3155 1020 3223 utuntur,
1037 3161 1115 3213 eos1

95 3223 181 3296 quiin
197 3227 284 3288 bulen
302 3247 319 3289 a
340 3230 507 3292 censoribus
528 3229 662 3310 leguntur
675 3232 743 3293 dare
759 3231 907 3310 pecuniam
925 3246 981 3289 non
994 3229 1089 3290 iubet:

59 3300 146 3366 tasso
159 3311 178 3369 ii
192 3311 266 3391 quos
286 3312 460 3391 indulgentia
480 3325 528 3376 tua
552 3315 717 3393 quibusdam
735 3313 894 3377 civitatibus
912 3331 1000 3392 super
1017 3312 1089 3392 legi·

94 3387 185 3454 timum
199 3414 343 3458 numerum
361 3397 475 3460 adicere
490 3401 619 3479 permisit
635 3409 665 3460 et
685 3396 795 3476 singula
815 3396 890 3459 milia
910 3398 1089 3459 denariorum

97 3478 124 3530 ti
145 3475 208 3542 bina
233 3479 396 3542 intulerunt.
433 3481 553 3544 Anicius
576 3481 677 3543 deinde
698 3480 836 3542 Maximus
857 3481 1014 3560 proconsul
1037 3493 1116 3544 eota
