2616 4096
205 210 268 274 216
507 207 541 271 0.
560 208 658 270 PLINI
678 208 728 270 ΕΤ
749 209 906 270 TRAIANI

602 361 688 423 mur.
706 361 813 439 [urum

425 461 452 513 G.
472 461 596 514 PLINIUS
614 463 758 514 Tunlnlto
775 461 983 512 IMPERATORI.

182 579 191 618 1
268 564 411 627 Pecuniae
426 566 576 645 publicae,
599 567 728 644 domine,
749 565 928 646 providentia
945 575 991 626 tua
1009 575 1039 625 et
1054 567 1213 626 ministerio

205 659 303 711 nostro
320 660 348 711 et
365 651 418 710 iam
434 660 553 712 exactae
567 661 632 711 sunt
650 660 680 712 ct
694 652 857 728 exiguntur;
877 667 949 728 quae
965 666 1072 710 vereor
1086 668 1123 709 ne
1140 652 1214 710 otio·

205 752 254 794 sae
268 735 387 794 iaceant.
410 733 480 794 Nam
492 745 521 794 et
530 734 707 814 praediorum
720 733 961 814 conparandomm
970 743 1017 793 aut
1025 732 1102 793 nulla
1111 744 1161 794 aut
1169 745 1235 795 rao

204 819 442 879 rissimaoccasio
453 827 509 896 est,
524 837 580 878 nec
589 821 768 879 inveniuntur
778 819 825 897 qui
834 817 924 878 velint
939 816 1046 877 debere
1060 819 1103 878 rei
1121 817 1214 894 publi·

207 920 269 977 cae,
285 904 453 979 praesertim
468 900 607 963 duodenis
621 904 750 980 assibus,
770 904 863 981 quanti
881 903 1027 980 apricatis
1040 909 1211 962 mutuantur.

181 984 325 1062 tDispice
341 1003 424 1063 ergo,
442 984 565 1063 domine,
581 987 713 1064 numquid
729 985 906 1046 minuendam
920 1003 1033 1046 usuram
1042 1002 1078 1046 ac
1089 1003 1146 1064 per
1156 984 1212 1044 hoc

206 1065 326 1129 idoneos
342 1068 489 1131 debitores
506 1069 664 1130 invitandos
686 1080 788 1150 putes,
803 1079 832 1130 et
849 1072 874 1131 si
890 1087 946 1130 nec
961 1071 1004 1130 sic
1018 1072 1211 1148 reperiuntur,

207 1150 427 1213 distribuendam
448 1156 521 1214 inter
542 1153 712 1216 decuriones
726 1155 893 1234 pecuniam,
908 1156 947 1213 ita
961 1162 991 1213 ut
1004 1162 1087 1214 recte
1099 1155 1146 1213 rei
1161 1171 1211 1231 pu·
1220 1168 1248 1218 lo

206 1234 300 1296 blicae
317 1247 450 1308 caveaut;
473 1237 551 1316 quod
565 1256 733 1317 quamquam
749 1239 843 1298 invitis
861 1247 889 1298 et
903 1237 1101 1298 recusantibus
1121 1237 1212 1298 minus

206 1321 339 1380 acerbum
355 1324 408 1382 erit
423 1321 532 1382 leviore
550 1339 635 1383 usura
653 1324 813 1383 constituta.

611 1471 667 1532 uv.
683 1471 803 1551 [uxum

547 1571 712 1622 TRAIANUS
727 1569 831 1621 PLINIO
849 1569 876 1624 S.
1219 1576 1246 1630 15

265 1670 303 1733 llt
316 1673 381 1752 ipse
391 1691 448 1734 nou
461 1673 537 1735 aliud
547 1671 703 1733 remedium
713 1671 845 1752 dispicio,
861 1673 898 1731 mi
910 1672 1042 1732 Secunde
1054 1673 1209 1745 carissime,

208 1774 290 1834 quam
311 1767 341 1818 ut
363 1760 502 1836 quantitas
522 1775 667 1820 usurarum
689 1759 845 1834 miuuatur,
866 1774 923 1835 quo
944 1754 1056 1816 facilius
1071 1757 1209 1834 pecuniae

207 1838 340 1918 publicae
363 1841 558 1902 conlocentur.
590 1839 705 1900 Modum
725 1843 787 1901 eius
810 1859 846 1900 ex
868 1843 951 1919 copia
969 1857 1067 1899 eorum
1088 1841 1138 1918 qui
1154 1857 1209 1898 mu·

206 1924 358 1984 tuebuntur
374 1935 404 1984 tu
426 1927 592 1986 constitues.
627 1922 734 1984 Invitos
757 1924 792 1985 ad
813 1922 1008 2004 accipleudum
1030 1923 1208 2002 conpellere,

207 2006 285 2085 quod
304 2006 434 2069 fortassis
454 2009 525 2088 Ipsis
548 2011 670 2069 otiosum
692 2008 814 2068 futurum
836 2009 889 2086 sit,
909 2026 966 2068 non
988 2016 1033 2068 est
1055 2027 1093 2068 ex
1107 2009 1246 2068 iustitiam

206 2098 367 2150 nostrorum
381 2101 551 2169 temporum.

600 2240 670 2301 rvr.
691 2240 826 2319 [uxum

431 2339 458 2391 G.
475 2339 601 2392 PLINIUS
618 2340 762 2392 TRAIANO
779 2341 987 2392 IMPERATORI.

180 2470 194 2521 1
270 2457 409 2537 Summas,
425 2458 548 2538 domine,
563 2461 667 2537 gratias
686 2477 741 2537 ago
756 2458 832 2538 quod
847 2461 922 2519 inter
937 2460 1070 2519 mariscas
1085 2468 1243 2536 occupa-ti

208 2543 302 2604 tiones
316 2543 349 2602 io
363 2543 399 2602 ils
416 2541 451 2603 de
467 2543 569 2621 quibus
583 2552 613 2604 te
629 2543 759 2603 consului
773 2561 818 2604 me
835 2560 949 2621 quoque
961 2560 1065 2620 regere
1081 2542 1207 2620 dignatus

179 2635 254 2687 tes:
275 2624 352 2704 quod
366 2644 441 2687 nunc
454 2643 568 2706 quoque
585 2627 673 2688 facias
687 2644 770 2704 rogo.
801 2626 879 2687 Adiit
892 2629 966 2686 enim
982 2645 1027 2686 me
1042 2626 1155 2705 quidam
1170 2628 1207 2686 iu-

208 2708 368 2787 dIoaritque
388 2709 568 2772 adversarios
590 2729 658 2772 suos
673 2729 689 2771 a
705 2710 827 2772 Servilio
842 2709 942 2787 Calvo,
962 2710 1120 2772 clarissimo
1135 2712 1207 2786 viro,

205 2794 234 2850 in
248 2793 397 2851 triennium
410 2793 558 2870 relegatos
568 2797 597 2854 in
608 2797 755 2874 provincia
764 2797 880 2856 morari:
896 2794 937 2854 illi
950 2805 1047 2856 contra
1057 2794 1094 2854 ab
1106 2793 1208 2854 eodem

205 2892 238 2936 se
250 2875 398 2936 restitutos
409 2876 624 2940 adfirmaverunt
634 2878 815 2958 edictumque
826 2880 1027 2940 recitaverunt.
1050 2877 1114 2952 Qua
1125 2879 1242 2940 causali

178 2959 400 3022 3necessarium
420 2959 528 3021 credidi
549 2981 610 3023 rem
631 2965 770 3040 integram
790 2962 825 3023 ad
848 2972 877 3022 te
898 2962 1018 3022 referre.
1048 2961 1121 3022 Nam
1134 2964 1209 3022 sicut

205 3043 341 3104 mandatis
362 3044 418 3105 tuis
440 3056 552 3106 cautum
573 3055 619 3108 est
638 3065 675 3106 ne
698 3049 845 3109 restituam
859 3046 895 3106 ab
909 3046 966 3106 alio
980 3056 1027 3105 aut
1041 3065 1058 3106 a
1072 3064 1119 3105 me
1133 3045 1209 3106 rele-

205 3137 305 3206 gatos,
325 3129 364 3188 ita
385 3127 421 3188 de
440 3130 475 3190 iis
498 3147 571 3208 quos
593 3130 664 3191 alius
686 3141 715 3192 et
734 3130 908 3210 relegaverit
924 3139 953 3190 et
969 3131 1127 3191 restituerit
1140 3128 1209 3189 nibil

206 3211 435 3290 conprehensum
456 3223 510 3276 est.
544 3213 613 3274 Ideo
629 3223 675 3290 tu,
695 3213 824 3293 domine,
841 3213 1033 3275 consulendus
1048 3213 1128 3275 luisti
1143 3212 1210 3292 quid

205 3295 362 3357 observare
376 3315 422 3358 me
441 3297 552 3376 velles,
574 3308 630 3358 tam
651 3297 776 3359 Hercule
792 3296 924 3378 quamde
943 3300 978 3359 iis
996 3299 1044 3378 qui
1060 3299 1088 3356 in
1101 3306 1246 3377 perpe-tt

179 3386 284 3439 ttuum
298 3378 419 3457 relegati
433 3399 489 3442 uec
504 3383 627 3444 restituti
640 3383 669 3441 in
689 3385 834 3460 provincia
848 3381 1108 3462 deprehenduntur.
1138 3380 1210 3442 Nam

206 3461 280 3521 baec
297 3479 413 3543 quoque
433 3468 549 3544 specics
569 3464 667 3526 incidit
688 3467 717 3526 ln
730 3468 922 3544 cognitionem
933 3483 1033 3527 meam.
1064 3461 1118 3526 Est
1134 3468 1209 3528 enim
