2616 4096
333 271 596 336 EPISTULARUM
608 270 672 334 vu.
693 283 737 336 28.
751 281 851 336 11130.
1029 269 1088 338 151

92 423 319 566 pribinqpqquam
337 425 548 504 persuadebunt
568 435 598 486 ut
618 443 699 486 meos
715 426 799 485 amari
819 441 836 483 a
850 442 895 484 me
909 425 1021 484 nimium
1038 444 1090 504 pn·

104 523 156 566 em.
213 525 269 567 ae.

514 640 661 703 xxvuu.

72 767 86 820 5
355 739 382 790 c.
402 740 525 792 nurums
541 738 699 793 consano
718 737 778 790 soc
795 736 821 792 s,

146 841 285 920 Ridebis,
307 842 408 903 deinde
431 844 639 922 indignaberis,
667 841 769 903 deinde
789 841 912 917 ridebis,
934 839 1111 918 allegoria]

92 925 177 1003 quod,
193 927 249 986 nisi
265 923 390 1004 legeris,
406 944 463 987 non
476 936 561 1006 potes
576 926 705 988 credere.
733 924 786 986 Est
797 926 842 985 via
857 923 1000 985 Tiburtina
1013 927 1112 990 intraa

89 1010 202 1086 primum
218 1007 344 1088 lapidem
359 1010 503 1088 (proxime
519 1009 665 1088 adnotavi)
688 1011 887 1070 monimentum
902 1007 1034 1070 Pallantis
1048 1011 1088 1071 ita

90 1091 250 1170 inscriptum
267 1092 345 1153 ‘huic
365 1103 481 1154 senatus
501 1095 539 1154 cb
554 1093 638 1154 iidem
655 1095 848 1172 pietatemque
863 1109 933 1170 erga
952 1101 1086 1172 patronos

57 1185 247 1238 luornamenta
270 1178 410 1254 praetoria
434 1175 562 1237 decrevit
584 1187 614 1238 et
633 1177 795 1237 sestertium
820 1176 930 1235 centies
952 1178 1087 1255 quinqua·

91 1261 164 1336 pies,
188 1260 270 1320 cuius
291 1259 399 1320 bonore
425 1270 574 1322 contentus
595 1259 669 1320 tuit.’
695 1257 835 1336 Equidem
856 1275 1005 1337 numquam
1025 1268 1113 1336 sumi

90 1344 197 1403 miratus
212 1360 289 1423 quae
300 1345 414 1420 saepius
428 1361 444 1404 a
459 1343 569 1404 iortnna
582 1360 665 1422 qnam
675 1361 693 1403 a
704 1342 808 1403 iudicio
823 1342 1087 1422 proficiscerentur:

90 1427 202 1487 maxime
217 1436 313 1488 tamen
326 1425 373 1486 bie
386 1445 432 1488 me
447 1426 546 1489 titulus
561 1427 702 1487 admonuit
718 1444 800 1504 quam
815 1433 914 1487 essent
929 1427 1039 1486 mimica
1057 1436 1086 1488 et

90 1510 178 1588 inepta
193 1528 268 1590 quae
284 1509 423 1570 interdum
438 1512 465 1571 in
480 1511 536 1570 boc
552 1527 686 1588 caenum,
708 1508 758 1570 bas
779 1509 882 1570 sordes
895 1509 1085 1589 obicerentur,

58 1595 156 1670 liquae
173 1593 298 1673 denique
318 1593 368 1653 ille
388 1594 506 1654 furcifer
529 1603 558 1656 et
579 1596 711 1673 recipere
728 1611 813 1654 ausus
835 1602 880 1653 est
902 1601 932 1653 et
951 1611 1086 1654 recusare

90 1685 166 1754 atque
183 1679 269 1738 etiam
289 1687 318 1738 ut
333 1677 533 1739 moderationis
556 1676 716 1757 exemplum
730 1678 856 1756 posteris
870 1675 1002 1755 prodere.
1026 1676 1110 1740 Sedt

92 1759 150 1836 quid
166 1757 319 1838 indignor?
342 1759 447 1821 Ridere
469 1764 576 1838 satius,
598 1779 634 1820 ne
650 1779 684 1821 se
698 1777 829 1837 magnum
842 1759 948 1838 aliquid
963 1759 1084 1840 adeptos

84 1852 181 1926 putent
197 1847 245 1923 qui
260 1843 318 1903 buc
332 1843 470 1906 felicitate
484 1845 654 1924 perveniunt
668 1853 699 1903 ut
712 1842 862 1904 rideantur.
897 1840 978 1903 Vale.

58 2013 84 2066 m
535 1977 626 2039 XXX.

351 2076 379 2127 c.
398 2076 521 2128 numius
540 2076 689 2127 onurrom
705 2075 765 2128 suo
784 2075 809 2125 e.

147 2175 296 2256 Torqueor
311 2178 388 2258 quod
402 2177 587 2259 discipulum,
608 2189 639 2241 ut
654 2178 774 2256 scribis,
797 2180 918 2258 optimae
940 2179 1003 2257 spei
1018 2179 1109 2244 ami-1

92 2259 162 2336 sisti,
185 2263 268 2322 cuius
289 2271 318 2322 et
337 2261 490 2322 valitudine
511 2272 539 2323 et
556 2273 649 2323 morte
666 2262 800 2341 impedita
820 2261 912 2323 studia
925 2271 973 2321 tna
987 2262 1082 2339 quidni

92 2339 190 2402 seiam?
211 2363 277 2404 cum
291 2346 330 2406 sis
346 2347 467 2406 omnium
483 2345 641 2406 ciliciorum
655 2347 939 2422 observantissimus,
961 2363 1083 2423 cumque

58 2422 182 2488 liomnes
197 2446 271 2507 quos
287 2429 392 2507 probas
408 2429 578 2490 effusissime
593 2427 704 2507 diligas.
721 2427 769 2488 lle
780 2428 836 2488 buc
848 2445 962 2507 quoque
977 2428 1106 2492 urbanau

92 2512 196 2586 negotia
215 2522 413 2590 persecuntur.
454 2511 519 2572 Non
538 2512 640 2574 desunt
660 2513 734 2572 enim
756 2513 804 2590 qui
826 2529 871 2571 me
891 2511 1014 2571 iudicem
1036 2520 1083 2571 aut

92 2591 214 2652 arbitrum
227 2595 341 2656 iaciant.
371 2594 522 2656 Accedunt
539 2594 685 2676 querellae
699 2596 894 2672 rusticorum,
908 2596 956 2672 qui
968 2594 1108 2658 auribus3

92 2676 154 2736 meis
165 2688 230 2756 post
244 2678 360 2757 longum
372 2687 484 2758 tempus
499 2696 551 2740 suo
563 2681 624 2740 iure
636 2679 795 2740 abutuntur.
814 2676 902 2738 lnstat
913 2687 941 2739 et
953 2681 1083 2740 necessi-

93 2763 130 2816 tas
142 2776 272 2838 agrorum
287 2761 469 2823 locandorum
484 2781 620 2842 perquam
633 2762 769 2824 molesta:
789 2760 862 2822 a'deo
876 2779 969 2821 rarum
983 2770 1029 2823 cst
1041 2765 1082 2823 in·

61 2839 181 2903 iuvenire
193 2845 313 2907 idoneos
330 2847 528 2906 conductores.
550 2846 659 2920 Quibus
672 2864 709 2906 ex
721 2846 814 2907 causis
826 2848 958 2925 precario
965 2846 1079 2924 studeo,
1090 2857 1108 2910 4

94 2923 185 2986 audeo
196 2937 305 2990 tamem
318 2947 381 2989 nam
394 2939 424 2990 et
435 2930 531 2990 scribo
543 2929 649 3009 aliquid
663 2939 693 2990 et
707 2930 789 3007 lego:
805 2928 858 2989 sed
873 2947 935 2989 cum
950 2929 1029 3009 lego,
1045 2949 1083 2990 ex

95 3013 284 3084 conparatione
302 3015 394 3074 sentio
409 3031 491 3092 quarn
504 3013 580 3074 male
600 3014 739 3089 scribam,
762 3012 832 3073 licet
851 3021 880 3072 tu
897 3013 963 3074 mibi
978 3014 1082 3074 bonum

94 3091 201 3152 animum
220 3095 323 3173 iacias,
348 3098 396 3192 qui
413 3094 529 3158 libellos
551 3114 631 3159 meos
651 3097 687 3156 de
707 3096 815 3158 ultione
834 3094 947 3157 Helvidi
963 3097 1083 3156 orationi

93 3167 283 3240 Bemosthenis
297 3199 380 3239 κατα
390 3177 537 3241 Μειδίου
553 3179 679 3258 coniers,
696 3198 778 3259 (ιιιαιιι
792 3197 872 3256 sane,
888 3197 950 3238 com
963 3191 1105 3258 compo-5

61 3255 182 3318 tenerem
197 3259 278 3340 illos,
299 3261 383 3323 habui
400 3264 429 3322 in
446 3265 590 3341 manibus,
613 3281 669 3323 non
686 3273 717 3323 ut
737 3261 896 3323 aemularer
917 3262 1081 3342 (inprobum

95 3341 161 3399 enim
177 3359 211 3402 ac
231 3361 323 3422 paene
345 3346 515 3426 indorum),
539 3347 592 3410 sed
616 3357 710 3408 tamen
734 3347 859 3407 imitarer
879 3353 909 3404 et
930 3363 1080 3424 sequerer,

96 3433 216 3496 quantum
229 3438 276 3488 ant
288 3429 437 3492 diversitas
450 3433 638 3508 ingeniorum,
653 3429 764 3490 maximi
781 3436 810 3488 et
823 3429 939 3506 minimi,
954 3437 1001 3488 aut
1016 3446 1081 3490 cau·

96 3521 140 3565 rae
154 3506 343 3573 dissimilitudo
357 3523 512 3589 pateretur,
547 3513 629 3574 Vale.
