2632 4096
197 261 260 326 102
619 262 652 324 G.
672 262 769 323 retur

195 426 260 476 runt
274 432 372 476 omnes
388 426 504 496 praeter
518 414 635 476 Fabium
648 415 766 494 Aprum.
786 414 815 475 Is
829 413 1053 482 interdicendum
1070 417 1096 475 ei
1112 414 1200 474 adro-

196 499 354 560 cationibus
365 500 393 558 in
405 499 625 578 quinquennium
639 501 760 577 censuit,
772 508 802 558 et
813 499 938 578 quamvis
950 499 1089 558 neminem
1101 509 1200 559 aucto-

194 585 277 644 ritate
294 583 437 660 traxisset,
456 592 619 644 constanter
627 585 656 642 in
668 583 808 644 sententia
817 583 932 643 mansit:
949 584 1016 661 quin
1027 583 1111 642 etiam
1121 581 1201 642 Dex-

195 676 284 744 trum,
309 669 356 745 qui
372 669 478 744 primus
493 665 635 727 diversum
651 675 817 743 censuerat,
832 664 942 744 prolata
958 665 1026 743 lege
1043 665 1080 725 de
1097 675 1200 726 senatu

170 749 326 810 dhabendo
341 753 432 809 iurare
445 751 541 827 coegit
556 769 573 810 e
588 769 620 810 re
636 749 750 828 publica
765 767 833 810 esse
849 749 925 827 quod
940 750 1110 810 consuisset.
1145 748 1228 810 Cuia

195 851 361 913 quamquam
376 832 520 910 legitimae
535 833 747 912 postulationia
761 832 928 911 quibusdam
942 832 1124 893 reclamatum
1140 843 1199 894 est.

194 916 376 996 Exprobrare
395 918 470 975 enim
491 920 620 977 censenti
643 917 823 977 ambitionem
843 917 999 976 videbatur.
1038 915 1096 976 Sed
1116 918 1199 995 prius

195 1018 277 1080 quam
292 1001 449 1060 sententiae
466 999 639 1078 dicerentur,
661 998 807 1078 Nigrinus,
822 1001 951 1060 tribunus
965 999 1077 1079 plebis,
1094 1002 1200 1060 recita·

193 1085 233 1144 vit
249 1081 377 1143 libellum
392 1082 528 1144 disertum
544 1094 573 1145 et
588 1102 715 1162 gravem,
732 1102 788 1162 quo
804 1093 922 1162 questus
938 1095 983 1143 est
997 1085 1096 1144 uenire
1109 1084 1200 1144 aduo-

194 1168 338 1244 cationes,
362 1169 460 1228 venire
476 1169 560 1228 etiam
573 1171 845 1248 praevaricationes,
862 1170 890 1226 in
904 1167 970 1227 lites
988 1168 1074 1245 coiri,
1089 1177 1119 1228 et
1133 1167 1242 1246 glo-10

169 1256 186 1311 7
194 1251 252 1310 riae
269 1249 336 1311 loco
350 1252 417 1330 poni
432 1270 469 1311 ex
483 1251 584 1331 spoliis
600 1255 703 1312 civium
716 1269 833 1330 magnos
849 1261 878 1312 et
895 1261 984 1313 statos
999 1252 1107 1312 reditus
1139 1252 1200 1312 Re·

195 1336 291 1395 citavit
312 1337 403 1414 capita
423 1335 536 1414 legum,
559 1335 700 1397 admonuit
722 1346 836 1397 senatus
859 1334 1066 1395 consultorum:
1091 1337 1119 1395 in
1141 1337 1200 1396 fine

195 1419 262 1479 dixit
276 1418 430 1498 petendum
445 1419 479 1479 ab
496 1421 603 1497 optimo
620 1421 748 1499 principe
761 1430 802 1498 ut,
818 1421 882 1499 quia
892 1418 988 1497 leges,
1002 1421 1066 1498 quia
1080 1429 1199 1480 senatus

168 1501 325 1562 Boonsulta
342 1512 605 1579 contemnerentur,
626 1507 690 1582 ipse
711 1506 793 1563 tantis
816 1505 890 1564 vitiis
905 1503 1077 1563 mederetur.
1109 1503 1198 1563 Pauci

195 1585 273 1663 dies,
301 1595 330 1646 et
351 1585 424 1646 liber
441 1589 576 1665 principis
601 1605 722 1647 severus
740 1597 769 1647 et
787 1597 880 1648 tamen
899 1587 1078 1647 moderatus:
1110 1586 1196 1664 leges
1210 1592 1240 1644 15

194 1671 287 1747 ipsum
294 1691 302 1738 ;
315 1679 360 1730 est
371 1671 399 1729 in
411 1669 534 1749 publicis
542 1672 624 1731 actis.
642 1670 731 1743 Quam
742 1689 787 1730 me
797 1672 874 1732 iuvat
883 1670 959 1749 quod
967 1673 996 1729 in
1005 1673 1098 1731 causis
1106 1689 1198 1748 agen·

196 1753 239 1813 dis
258 1771 315 1813 non
332 1753 416 1814 modo
433 1757 565 1832 pactione
581 1755 654 1814 dono
673 1772 790 1814 munere
805 1772 904 1814 verum
918 1755 1001 1814 etiam
1014 1756 1105 1814 xeniis
1119 1773 1198 1814 sem·

170 1841 248 1914 9per
268 1837 402 1900 abstinui!
424 1837 545 1916 Oportet
560 1838 674 1915 quidem
695 1855 768 1916 quae
789 1848 854 1899 sunt
873 1837 1022 1900 inhonesta
1042 1855 1098 1898 non
1114 1841 1199 1916 quasi

194 1919 300 1980 inlicita
319 1920 371 1981 sed
388 1924 468 2000 quasi
484 1921 615 2000 pudenda
630 1924 736 1981 vitare:
762 1921 912 1982 iucundum
931 1932 1041 1999 tamen,
1061 1923 1085 1983 si
1099 1921 1198 2001 probi·

153 2008 187 2060 10
194 2004 256 2063 beri
279 2002 394 2082 publice
414 2004 512 2064 videas
534 2005 610 2082 quod
626 2022 776 2083 numquam
789 2006 840 2066 tibi
853 2007 917 2084 ipse
931 2007 1106 2085 permiseris.
1133 2003 1240 2067 Eritbo

192 2089 333 2166 fortasse,
356 2089 440 2146 immo
460 2105 517 2148 non
537 2088 621 2148 dubie
642 2088 725 2149 huius
745 2090 884 2168 propositi
903 2093 959 2149 mei
976 2099 1007 2150 et
1028 2089 1119 2148 minor
1132 2087 1197 2152 laus

193 2180 223 2231 et
241 2171 390 2232 obscurior
403 2170 486 2248 fama,
504 2189 568 2232 cum
581 2189 680 2241 omnes
693 2190 730 2231 ex
743 2173 916 2232 necessitate
931 2172 1035 2234 tactem
1046 2173 1122 2252 quod
1136 2191 1198 2251 ego

193 2263 296 2334 sponte
307 2255 455 2316 faciebam.
476 2254 590 2316 Interim
601 2255 681 2316 fruor
690 2254 849 2335 voluptate,
862 2275 926 2318 cum
938 2256 986 2316 alii
1000 2256 1123 2318 divinum
1136 2274 1197 2335 rue,

192 2337 240 2399 alii
250 2341 322 2400 meis
339 2340 455 2418 rapinis,
470 2357 552 2401 meae
566 2341 698 2402 avaritiae
712 2357 862 2402 occursum
874 2359 927 2420 per
942 2339 1036 2400 ludum
1051 2359 1084 2402 ac
1099 2342 1198 2401 iocum

193 2421 328 2485 dictitant.
363 2422 444 2484 Vale.
1206 2426 1238 2478 at

590 2555 684 2618 xuu.
706 2555 791 2638 [va

479 2657 506 2707 G.
524 2657 649 2708 PLINIUS
666 2655 783 2707 PONTIO
803 2655 863 2707 SUO
882 2655 908 2705 S.

167 2772 183 2824 1
254 2757 440 2818 Secesseram
458 2759 486 2817 in
505 2760 702 2837 municipium,
725 2777 789 2820 cum
808 2758 875 2817 mihi
896 2757 1049 2818 mundatum
1063 2765 1108 2817 est
1123 2753 1196 2816 Gor·

167 2849 288 2905 anatum
304 2838 461 2900 Tertullum
475 2843 628 2920 accepisse
649 2842 788 2904 Aemiliae
808 2842 872 2901 viae
888 2858 993 2902 curam.
1026 2838 1236 2918 Exprimereto

191 2941 248 2983 non
262 2939 379 3001 possum
394 2933 498 3002 quanto
513 2926 566 2986 sim
587 2927 691 3004 gaudio
710 2926 840 2987 adiectus
857 2934 885 2985 et
900 2926 990 3003 ipsius
1011 2933 1041 2984 et
1058 2941 1123 2985 meo
1143 2940 1196 2984 no·

191 3007 280 3075 mine;
295 3008 396 3085 ipsius,
413 3008 500 3086 quod,
515 3009 551 3069 sit
566 3008 645 3089 lieet,
660 3012 734 3071 sicut
744 3019 799 3086 eet,
813 3010 849 3068 ab
860 3010 934 3067 omni
946 3008 1096 3068 ambitione
1107 3006 1195 3085 longe

191 3101 328 3168 remotus,
344 3090 430 3153 debet
446 3100 538 3152 tamen
552 3096 580 3154 ei
590 3094 728 3156 iucundus
739 3094 830 3154 bonor
841 3111 908 3153 esse
919 3091 993 3151 ultro
1007 3091 1102 3159 datus;
1116 3107 1194 3167 meo,

192 3174 270 3255 quod
291 3175 432 3254 aliquanto
460 3179 549 3255 magis
572 3196 617 3238 me
640 3177 764 3239 delectat
788 3175 944 3238 mandatum
965 3175 1033 3235 mihi
1058 3175 1193 3251 officium,

164 3265 343 3338 apostquam
357 3278 408 3339 par
423 3258 550 3321 cornuto
563 3261 655 3320 datum
671 3261 766 3324 video.
785 3259 888 3338 Neque
903 3261 977 3320 enim
991 3259 1090 3336 augeri
1104 3257 1232 3335 digni-35

193 3351 250 3404 tate
267 3361 349 3422 quam
364 3345 478 3422 aequari
495 3344 577 3405 bonis
593 3347 711 3420 gratius.
741 3343 868 3405 Cornuto
883 3353 976 3405 autem
991 3342 1058 3422 quid
1071 3337 1194 3402 meliust
1305 3417 1306 3422 ἵ

193 3424 260 3504 quid
282 3425 427 3488 sanctius?
449 3427 515 3506 quid
536 3430 564 3488 in
585 3430 660 3487 omni
675 3445 784 3504 genere
799 3427 889 3488 laudis
901 3427 935 3487 ad
950 3425 1111 3504 exemplum
1125 3425 1195 3486 auti·
1305 3425 1306 3434 ²

194 3511 307 3587 quitatis
331 3507 519 3588 expressius?
543 3509 618 3589 quod
637 3510 703 3569 mibi
726 3512 868 3588 cognitum
892 3521 938 3572 est
957 3528 1015 3570 non
1030 3509 1118 3587 fama,
1139 3526 1194 3586 qua
