2632 4096
193 301 255 364 100
620 296 650 362 G.
674 295 772 358 l’LlNl

168 452 278 518 il'ales
299 452 405 531 ubique
425 468 588 520 sermones;
616 450 664 529 qui
683 459 776 510 tamen
798 449 959 510 alterutram
979 449 1009 508 in
1027 458 1136 527 partem
1159 467 1198 510 ex

193 546 299 598 eventu
315 534 528 616 praevalebunt.
559 533 614 596 llst
628 535 740 594 omnino
758 534 884 611 iniquom
901 531 954 592 sed
974 550 1026 594 nsu
1045 542 1198 611 receptum

194 620 271 700 quod
286 620 407 681 honesta
423 617 542 679 consilia
556 617 605 677 vel
619 619 727 696 turpia,
740 627 824 696 prout
839 617 912 677 male
927 625 974 676 aut
988 633 1131 694 prospere
1147 635 1197 676 ce-

194 705 277 782 dunt,
302 705 340 764 ita
355 701 405 762 vel
423 702 577 779 probantur
591 699 639 760 vei
652 700 907 778 reprehenduntur.
939 699 1009 759 lude
1025 698 1198 778 plerumque

193 788 294 850 eadem
313 787 389 846 iacta
407 785 491 846 modo
512 783 676 862 diligentiae
687 783 772 844 modo
787 785 934 860 vanitatis,
956 782 1041 842 modo
1056 782 1229 848 libertatist

192 869 278 932 modo
295 869 398 929 luroris
414 886 517 929 nomen
532 869 686 946 accipiunt.
717 866 798 926 Vale.

618 999 654 1060 X.
696 999 745 1061 xi

347 1101 373 1150 c.
392 1099 516 1151 ruinius
533 1001 695 1152 sunnonul
708 1001 914 1160 rrlnnoumno
932 1099 992 1150 suo
1011 1099 1037 1153 a.

170 1221 185 1274 1
255 1201 356 1266 hibera
370 1201 481 1262 tandem
497 1201 801 1278 hendecasyllaborum
814 1221 940 1263 meorum
952 1201 1046 1279 iidem,
1063 1201 1111 1279 qui
1125 1201 1243 1263 scri-10

193 1295 243 1365 pta
263 1295 310 1346 tua
328 1286 523 1346 communibus
540 1287 638 1346 amicis
661 1286 885 1365 spoponderunt.
918 1284 1110 1364 Appellantur
1125 1285 1198 1344 cati·

194 1370 240 1430 die
253 1379 283 1430 et
299 1370 475 1447 flagitantur,
500 1388 534 1430 ac
550 1372 604 1429 iam
619 1369 777 1448 periculum
799 1379 843 1432 est
862 1387 899 1430 ne
917 1378 1055 1447 cogantur
1068 1368 1104 1430 ad
1118 1367 1198 1427 exhi·

166 1453 315 1523 obendnm
329 1453 476 1513 formulam
490 1453 635 1532 accipere.
657 1453 725 1514 Sum
741 1463 770 1513 et
784 1454 887 1532 ipsein
902 1452 1014 1514 edendo
1029 1453 1197 1528 haesitator,

194 1546 341 1597 tutamen
365 1554 455 1597 meam
479 1553 593 1614 quoque
621 1537 828 1597 cunctationem
850 1537 1065 1614 tarditatemque
1089 1536 1196 1595 sinisti.

193 1619 315 1680 Proinde
334 1629 381 1680 aut
399 1636 500 1697 rumpe
521 1620 575 1678 iarn
589 1613 684 1680 moras'
697 1630 744 1680 ant
759 1638 829 1681 eave
844 1639 881 1680 ne
895 1619 1013 1680 eosdem
1027 1622 1098 1679 istos
1111 1617 1243 1678 libel-15

193 1703 251 1783 los,
267 1721 339 1783 quos
355 1704 405 1763 tibi
419 1701 653 1778 hendecasyllabi
674 1706 765 1764 nostri
778 1703 919 1765 blanditiis
935 1703 1042 1763 elicere
1057 1720 1112 1762 nou
1128 1718 1199 1781 pos·

168 1798 277 1865 esunt,
304 1789 436 1849 conuicio
458 1797 609 1850 scazontes
625 1791 822 1866 extorqueant.
850 1786 1012 1847 Perfectum
1027 1804 1100 1865 opus
1112 1786 1200 1846 abso-

195 1871 341 1951 lutumque
355 1881 419 1949 est,
444 1890 500 1932 nec
516 1872 570 1930 iam
588 1871 766 1950 splendescit
779 1870 844 1930 lima
859 1869 911 1930 sed
925 1871 1062 1931 atteritur.
1095 1869 1200 1930 Patere

193 1973 240 2016 me
262 1955 361 2016 videre
380 1953 491 2017 titulum
512 1963 606 2032 tuum,
635 1965 734 2032 patere
754 1953 851 2016 audire
871 1953 995 2016 describi
1016 1953 1075 2032 legi
1097 1953 1199 2014 venire

193 2037 337 2098 volumina
357 2037 511 2116 Tranquilli
531 2038 597 2102 mci.
624 2038 757 2117 Aequom
777 2047 823 2099 est
842 2057 895 2098 nos
909 2039 938 2098 in
954 2055 1050 2098 amore
1067 2047 1123 2096 tam
1136 2055 1198 2098 rnu-
1209 2044 1245 2096 2⁰

193 2121 377 2266 tuqeandffl
391 2122 543 2201 percipere
558 2140 596 2181 ex
610 2131 639 2180 te
652 2121 844 2202 uoluptatem,
866 2141 921 2201 qua
937 2131 967 2182 tu
988 2120 1146 2200 perfrueris
1162 2139 1201 2182 ex

195 2221 232 2264 no
253 2223 289 2264 rs.
376 2225 403 2266 e.

612 2337 662 2398 xl.
696 2337 758 2398 xil.

273 2440 301 2494 c,
321 2435 445 2490 ruinius
463 2425 644 2490 onuiunnrc
660 2338 787 2488 ulnnrlo
809 2436 996 2490 enosocnno
1015 2435 1075 2489 suo
1092 2436 1119 2492 s,
1189 2437 1244 2524 ’25

169 2557 185 2609 1
256 2538 368 2620 llecepi
383 2539 492 2601 litteras
506 2548 586 2618 tuas,
602 2559 640 2601 ex
654 2541 756 2618 quibas
769 2540 893 2618 cognovi
910 2549 939 2599 te
956 2540 1200 2618 speciosissimam

195 2624 337 2704 porticum
352 2625 406 2686 sub
419 2632 468 2684 tuo
484 2622 591 2703 filiique
605 2625 645 2684 tui
655 2625 769 2684 nomine
787 2622 948 2700 dedicasse,
965 2623 1096 2702 sequenti
1113 2623 1160 2684 die
1171 2625 1199 2682 in

195 2717 339 2784 portarum
354 2717 479 2768 ornatum
493 2708 642 2787 pecuniam
654 2709 833 2786 promisisse,
849 2717 879 2768 ut
896 2706 1003 2769 initium
1016 2723 1107 2767 novae
1126 2706 1199 2767 libe·

168 2790 310 2856 nralitatis
324 2800 404 2852 esset
418 2793 621 2852 consummatio
637 2792 749 2870 prioris.
772 2789 888 2852 Gaudeo
903 2791 1023 2870 primurn
1037 2800 1083 2850 tna
1094 2791 1198 2868 gloria,

195 2873 277 2934 cuius
296 2872 332 2933 ad
353 2891 398 2933 me
423 2891 488 2951 pars
509 2873 601 2953 aliqua
623 2893 675 2954 pro
696 2875 910 2936 necessitudine
930 2883 1026 2936 nostra
1045 2873 1243 2942 redundat;3o

194 2955 298 3018 deinde
320 2956 397 3034 quod
417 2960 579 3018 memoriam
596 2961 691 3019 soceri
712 2961 768 3018 mei
788 2958 986 3036 pulcherrimis
1003 2958 1140 3038 operibus
1157 2959 1200 3017 vi·
1309 2979 1310 3006 r

194 3041 250 3102 deo
276 3040 415 3120 prolerri;
446 3051 592 3120 postremo
618 3043 693 3121 quod
715 3043 804 3123 patria
824 3051 921 3103 nostra
941 3041 1085 3119 llorescit,
1117 3059 1200 3120 quam
1309 3077 1310 3118 ;

193 3125 260 3189 mihi
275 3143 291 3184 a
306 3141 486 3205 quocumque
501 3126 595 3188 excoli
605 3127 768 3203 iucundum,
782 3145 800 3186 a
813 3135 842 3188 te
857 3142 928 3187 vero
943 3125 1128 3188 laetissimum
1143 3135 1198 3187 est.
1309 3131 1310 3204 ζ

168 3208 280 3282 aQnod
294 3219 445 3290 superest,
469 3208 540 3270 deos
555 3228 660 3289 precor
674 3220 704 3270 ut
719 3212 839 3272 animum
854 3211 939 3271 istum
955 3211 1021 3287 tibi,
1045 3210 1137 3270 animo
1150 3210 1198 3270 isti
1309 3217 1310 3298 ζ

195 3302 307 3372 tempus
323 3311 406 3373 qunm
427 3292 623 3371 longissimum
645 3295 775 3355 tribuant.
804 3292 875 3354 Nam
890 3294 980 3372 liquet
994 3293 1060 3354 mihi
1074 3293 1242 3356 luturum35
1309 3315 1310 3324 ¹

193 3386 224 3437 ut
235 3387 353 3456 peracto
368 3376 444 3456 qnod
460 3378 588 3455 proxime
605 3378 761 3456 promisisti
775 3377 895 3438 inchoes
908 3376 994 3439 alind.
1012 3375 1113 3437 Nescit
1123 3378 1199 3438 enim
1309 3367 1310 3454 l

193 3459 285 3521 semel
300 3462 413 3522 incitata
426 3459 581 3522 liberalitas
598 3471 684 3537 stare,
703 3462 783 3522 cuins
799 3459 1037 3540 pulchritudinem
1050 3478 1119 3522 usus
1132 3463 1198 3540 ipsa
1309 3465 1310 3482 l

195 3543 379 3605 commendat.
412 3542 494 3603 Vale.
