2616 4096
286 309 551 372 EPISTULARUM
564 310 878 376 Vlill.st.3s.39.4o.
1029 310 1090 375 197

85 462 205 540 praediis
222 465 253 522 in
267 464 370 524 meiius
388 473 418 524 et
433 465 462 524 iu
475 464 581 540 maius,
600 472 684 524 vatus
700 482 768 524 saue
781 473 811 524 et
827 472 958 542 augusta,
975 481 1038 524 eum
1053 467 1090 526 sit

85 545 186 625 alioqui
207 555 283 607 stato
312 547 358 607 die
380 548 619 626 frequentissima.
657 546 728 607 Nam
751 546 849 608 ldibns
871 546 1115 625 Septembribusn

84 647 196 707 maguus
206 652 230 692 e
244 633 366 710 regione
383 640 442 693 tota
457 634 516 692 ooit
527 631 663 710 populus,
678 631 784 690 multae
794 649 843 692 res
855 640 986 710 aguntur,
1003 632 1089 692 multa

84 723 145 774 rota
158 716 365 794 suscipiuntur,
383 713 469 778 multa
482 716 647 794 redduntur,
663 715 716 776 sed
727 714 834 775 nullum
845 717 873 775 in
886 717 1017 794 proximo
1029 716 1088 776 sui·

62 797 189 874 trogium
202 809 252 860 aut
272 800 369 860 imbris
389 809 436 860 aut
453 799 534 861 solis.
562 799 671 860 Videor
691 816 762 876 ergo
778 799 909 860 munides
923 799 1007 860 simul
1022 799 1116 864 reli-3

84 883 221 962 gioseque
244 884 389 962 iacturas,
417 886 443 945 si
462 884 562 946 aedem
581 901 664 963 quam
682 883 901 962 pulcherrimam
921 893 1087 962 extruxero,

84 965 214 1028 addidero
229 970 361 1048 partious
376 967 456 1045 aedi,
472 967 549 1029 illam
563 967 598 1028 ad
615 986 696 1029 nsum
711 968 801 1046 deae,
819 968 870 1029 has
885 969 920 1029 ad
935 968 1086 1028 homiuum.

83 1047 171 1109 Velim
184 1070 260 1129 ergo
274 1069 354 1117 omas
369 1061 502 1131 quattuor
517 1069 688 1113 marmoreas
704 1052 868 1131 columnas,
885 1054 966 1114 ouius
983 1053 1035 1114 tibi
1049 1055 1089 1112 vi·

85 1132 191 1194 debitur
203 1139 334 1212 generis,
353 1154 430 1198 emas
441 1153 588 1213 marmora,
607 1137 710 1214 quibus
724 1135 828 1213 solum,
846 1138 950 1215 quibus
962 1139 1088 1216 parietes

54 1218 256 1280 itexooiantur.
279 1218 342 1280 Erit
357 1223 442 1281 etiam
458 1219 507 1281 vel
521 1220 680 1280 iaciendum
690 1220 739 1280 val
753 1221 902 1280 emendum
913 1223 1005 1298 ipsius
1017 1221 1115 1284 deusd

85 1303 207 1380 siguum,
235 1305 302 1383 qnia
322 1306 466 1384 antiquum
486 1304 556 1364 illud
579 1324 596 1364 e
617 1304 695 1381 liguo
714 1304 881 1382 quibusdam
896 1307 939 1364 sui
960 1305 1087 1382 partibus

85 1395 222 1448 uetustate
243 1397 401 1448 uuuoaturn
423 1398 476 1452 est.
512 1386 651 1461 Quantum
670 1387 706 1448 ad
729 1390 874 1467 porticus,
892 1387 962 1447 nihil
978 1389 1114 1450 interimo

86 1473 205 1531 occurrit
221 1473 300 1552 quod
317 1471 447 1532 videatur
461 1475 546 1534 istino
559 1491 627 1534 esse
646 1470 851 1552 repetendum
872 1474 928 1534 uisi
948 1481 1042 1532 tamen
1058 1481 1089 1531 ut

88 1551 196 1614 formam
216 1555 374 1617 seeundum
390 1558 528 1617 radonem
541 1556 599 1617 loui
616 1558 737 1619 scribas.
760 1554 862 1636 Neque
879 1555 954 1616 euim
970 1565 1090 1635 possunt

56 1641 80 1692 15
88 1637 247 1702 aueumdari
262 1640 387 1720 templo;
405 1659 469 1700 nam
480 1641 573 1701 solum
587 1641 686 1720 templi
701 1639 766 1700 hino
782 1640 894 1700 domiue
906 1649 936 1700 et
947 1641 1088 1718 abruptis·

88 1721 159 1784 simis
174 1727 247 1803 ripis
268 1723 335 1784 hino
353 1727 399 1784 via
418 1727 550 1804 cingitur.
583 1723 636 1785 Est
653 1725 726 1785 ultra
744 1726 820 1784 uiam
840 1723 1009 1784 latissimum
1024 1731 1114 1802 pra-6

88 1811 154 1884 tum,
178 1810 206 1868 iu
228 1825 288 1889 quo
308 1811 376 1870 satis
391 1818 459 1888 apte
475 1819 572 1870 eontra
588 1808 725 1887 templum
742 1811 835 1887 ipsum
851 1809 981 1887 partious
996 1806 1088 1886 expii·

24 1907 25 1912 ¹
88 1889 234 1964 subrutum
251 1894 306 1953 nisi
323 1892 390 1970 quid
406 1903 434 1953 tu
450 1893 551 1955 melius
566 1894 722 1971 inveneris,
740 1895 788 1971 qui
802 1892 882 1954 soles
894 1891 1024 1952 locorum
1036 1891 1088 1952 dii-

90 1970 222 2038 deuitutes
238 1987 300 2038 arte
316 1994 462 2058 superare.
494 1977 577 2040 Vale.

57 2049 84 2102 id

531 2110 649 2172 XXXX.

380 2209 406 2259 G.
425 2210 549 2262 PLINIUS
569 2209 667 2263 FUSGO
686 2210 747 2262 SUO
765 2209 792 2262 S.
990 2273 993 2283 .

146 2306 255 2372 Scribis
276 2321 424 2390 pergratas
439 2313 490 2372 tibi
506 2309 598 2374 fuisse
613 2313 725 2374 litteras
741 2329 837 2389 meas,
861 2311 963 2389 quihus
981 2323 1114 2386 cogno-1

91 2385 149 2448 Vitii
165 2394 399 2470 quemadmodum
412 2397 441 2455 in
458 2395 559 2458 'dussis
576 2398 663 2457 otium
677 2397 794 2458 aestatis
810 2397 973 2472 exigerem:
993 2394 1088 2470 requi-

58 2468 126 2528 asi-ts
144 2475 208 2552 quid
230 2495 269 2539 ex
287 2478 344 2539 hoe
362 2481 391 2538 iu
413 2478 581 2540 laurentino
600 2481 694 2542 hieme
715 2489 884 2559 permutem.
914 2476 1006 2554 Nihil,
1034 2477 1114 2542 nisio

93 2557 159 2629 qnod
180 2562 351 2624 meridianus
375 2579 491 2625 somnus
515 2566 646 2625 eximitur
666 2564 842 2643 multumque
866 2562 902 2623 do
926 2571 1013 2622 noete
1038 2558 1087 2620 vel

91 2646 148 2698 aute
162 2645 209 2705 vei
219 2656 289 2726 post
303 2647 377 2708 diem
390 2650 520 2727 sumitur,
533 2658 563 2709 et
577 2651 600 2710 si
613 2649 715 2727 agendi
727 2649 886 2709 nenessitas
900 2648 996 2722 instat,
1014 2661 1087 2723 quae

93 2717 217 2802 frequens
232 2731 336 2810 hieme,
353 2748 411 2793 nou
426 2733 481 2793 iam
496 2733 637 2794 oomoedo
654 2732 702 2792 vel
717 2732 836 2808 lyristae
851 2739 920 2811 post
934 2746 1033 2791 seuam
1044 2727 1088 2788 lo·

95 2817 150 2885 tus,
165 2814 216 2874 sed
230 2814 281 2875 illa
295 2832 367 2894 quae
384 2815 487 2892 dietari
501 2817 653 2878 identidem
667 2825 866 2894 retractantur,
881 2833 916 2877 au
931 2814 1015 2876 simui
1030 2831 1089 2872 me·

62 2880 191 2954 ituenda
204 2898 348 2976 frequenti
365 2901 561 2962 emendatione
581 2901 736 2979 proiioitur.
758 2900 854 2962 Habes
870 2908 980 2962 aestate
994 2897 1116 2963 hiemes

96 2982 334 3068 pomuesudinam:
352 3001 426 3044 nuno
447 2984 533 3046 addas
553 2987 609 3047 huo
623 2985 694 3047 licet
706 3004 760 3046 ver
774 2995 804 3046 et
818 2995 993 3058 autumnum,
1015 2999 1087 3060 quae

95 3065 161 3118 nter
172 3061 294 3128 hiemem
308 3076 503 3146 aestatemque
517 3069 624 3148 media,
645 3079 676 3130 ut
692 3069 761 3130 nihil
782 3067 819 3130 de
836 3069 882 3130 die
896 3067 1035 3148 perdunt,
1050 3066 1089 3124 itu

98 3133 128 3198 ds
139 3157 219 3211 noete
235 3150 383 3230 pmolum
397 3151 555 3232 adquirunt.
587 3152 668 3214 Vale.

491 3415 697 3426 *—
