2614 4104
411 282 836 347 PANEGYRlcUsso.51.oa.
1065 285 1127 350 269

115 444 176 496 erat
195 434 272 515 apud
291 437 450 515 prinoipem
470 435 536 496 huie
557 435 649 496 laxior
667 436 783 514 domus,
815 435 855 496 iili
876 439 1023 499 amoenior
1042 438 1126 510 viila;

115 538 190 579 nuno
212 521 347 598 prinoeps
369 521 398 580 iu
412 521 485 580 haee
501 518 603 580 eudem
619 519 748 580 dominos
763 522 890 599 quaerit,
918 524 982 601 ipso
1003 522 1126 584 induoit:
1175 512 1178 523 ’

113 605 195 682 ipsos
210 602 278 665 illos
295 605 388 681 magni
403 603 553 683 aliquando
567 605 746 682 imperatoris
763 603 880 680 hortos,
895 603 966 664 illud
977 623 1127 684 numquam

112 688 169 748 nisi
185 684 318 749 Caesaris
333 688 526 748 suburbanum
539 687 674 765 lioemur‚
697 689 832 765 emimus,
855 689 1007 767 inplemus.
1040 689 1127 751 Tanta

88 771 275 848 sbenignitas
297 773 453 851 principis,
476 780 554 831 tanta
570 773 712 832 seouritas
727 782 887 852 temporum
902 782 949 835 est
963 783 994 833 ut
1007 771 1059 834 ille
1072 791 1126 834 nos

113 854 321 935 prinoipslibus
335 857 422 916 rebus
439 857 583 914 existimet
598 854 718 934 dignos,
734 873 788 916 nos
802 873 858 916 non
870 859 1034 935 timeamus,
1050 857 1127 936 quod

114 939 192 1016 digni
210 957 278 1000 esse
292 938 432 999 videmur.
465 937 528 998 Neo
543 957 614 1000 uero
630 939 742 1001 emendi
757 948 863 1001 tautum
878 941 989 1002 nivibus
1004 943 1060 1002 tuis
1076 959 1125 1001 oo·

112 1025 189 1102 piam
202 1022 337 1102 praebes,
354 1022 408 1084 sed
422 1024 619 1085 amoenissima
635 1041 766 1104 quaeque
778 1023 890 1100 largiris
902 1032 932 1084 et
943 1023 1046 1095 donas;
1060 1027 1125 1104 ista,

111 1109 244 1185 inquam,
267 1105 356 1168 donas
378 1108 407 1166 in
428 1124 500 1185 quae
515 1106 644 1184 eleetos,
667 1109 695 1167 iu
711 1125 785 1187 quae
799 1107 949 1185 adoptatus
965 1128 1015 1171 es:
1035 1119 1126 1171 trans·

69 1206 105 1257 10
113 1191 175 1250 fers
195 1190 273 1268 quod
292 1191 397 1252 iudioio
418 1193 575 1268 aooepisti,
599 1209 633 1251 ao
647 1189 716 1250 nihil
733 1193 823 1269 magis
839 1202 916 1252 tuum
933 1192 1028 1253 eredis
1043 1211 1127 1272 quom

114 1274 194 1353 quod
208 1293 262 1354 per
275 1277 382 1336 amicos
396 1274 498 1334 babes.

176 1357 256 1418 Idem
275 1367 334 1438 tam
353 1376 457 1439 pareus
475 1359 504 1417 iu
523 1356 698 1418 aediiioando
721 1376 803 1437 quam
824 1357 948 1437 diligens
963 1361 992 1420 in
1007 1359 1122 1421 tuendo.
1136 1354 1176 1420 51

114 1440 216 1520 itaque
231 1458 305 1520 non,
321 1450 448 1520 utente,
465 1443 613 1501 inmanium
625 1443 836 1503 transvectione
849 1460 981 1505 saxorum
992 1444 1070 1505 urbis
1082 1453 1125 1505 te·

115 1534 161 1586 ota
176 1527 346 1605 quatiuntur.
375 1526 455 1587 Stant
476 1543 595 1586 seourae
617 1525 716 1586 domus
734 1523 790 1588 beo
803 1529 857 1588 iam
872 1527 978 1608 templa
992 1529 1124 1590 nutantia.

69 1625 105 1676 15
115 1610 192 1670 Satis
214 1620 260 1670 est
279 1612 330 1671 tibi
351 1611 541 1689 nimiumque,
560 1627 624 1670 oum
645 1612 825 1673 suooesseris
839 1611 1034 1690 nugalissimo
1049 1615 1126 1692 prin·

115 1695 189 1772 oipi;
207 1712 338 1772 magnum
352 1696 465 1754 reioere
479 1693 586 1772 aliquid
602 1702 632 1753 et
646 1703 790 1774 amputare
802 1712 839 1753 ex
854 1697 889 1755 iis
905 1713 978 1774 quoe
990 1698 1125 1775 princeps

113 1786 256 1856 tamquam
268 1781 434 1839 necessaria
449 1776 573 1857 reliquit.
607 1775 759 1838 Praeterea
775 1788 858 1857 pater
871 1788 936 1840 tuus
950 1781 1048 1839 usibus
1064 1782 1125 1841 suis

114 1862 281 1923 detrahebat
301 1880 374 1942 quoe
396 1863 508 1922 fortuna
526 1863 640 1940 imperii
656 1861 788 1935 dederat,
815 1871 846 1922 tn
866 1864 923 1924 tuis
945 1881 1018 1941 quae
1033 1873 1125 1943 pater.

112 1946 153 2006 At
165 1963 247 2025 quam
262 1948 429 2024 magnificus
443 1949 471 2005 in
488 1945 635 2024 pubiicum
650 1942 704 2007 esi
733 1945 805 2006 Hine
825 1949 972 2025 porticus,
994 1947 1060 2007 inde
1075 1947 1125 2006 de·

68 2028 196 2096 aolubra
216 2028 330 2091 oooulta
351 2030 500 2091 eeleritate
515 2039 722 2109 properantur,
749 2039 849 2091 utnon
866 2041 1058 2092 consummata
1072 2030 1126 2091 sed

113 2123 221 2175 tantum
240 2124 399 2175 conmutata
419 2113 577 2177 videantur.
610 2112 682 2174 Hine
698 2116 857 2176 inmensum
871 2115 946 2176 latus
962 2117 1031 2176 oiroi
1054 2124 1124 2176 tem·

113 2196 227 2278 plorum
248 2197 486 2277 pulchritudinem
507 2206 664 2278 prouocat,
693 2198 778 2275 digua
797 2199 906 2279 populo
926 2201 1039 2261 victore
1053 2218 1124 2277 gen·

113 2284 185 2344 tium
199 2282 302 2357 sedes,
318 2300 373 2343 uoo
387 2283 478 2342 miuus
494 2283 557 2362 ipsa
572 2281 690 2342 visenda
704 2299 787 2359 quam
806 2301 878 2363 quae
893 2301 931 2343 ex
943 2282 992 2343 illa
1009 2292 1124 2361 speeta-

113 2366 233 2427 buntur:
248 2366 366 2426 visenda
381 2375 475 2426 autem
493 2383 557 2425 oum
574 2375 672 2425 cetera
686 2367 806 2443 speeie,
821 2378 880 2426 tum
894 2365 971 2444 quod
986 2375 1124 2444 aequatus

68 2449 211 2531 25plobis
227 2468 262 2511 ao
277 2451 414 2530 principis
429 2449 529 2520 loeus3
551 2449 690 2528 siquidem
704 2467 758 2527 per
776 2467 859 2510 omne
876 2453 997 2530 spatium
1011 2466 1065 2508 una
1082 2448 1122 2509 ia·

114 2535 195 2613 cios,
214 2535 307 2594 omnia
328 2536 461 2594 continua
479 2544 509 2594 et
532 2535 626 2611 paria,
648 2552 704 2593 neo
723 2537 813 2611 magis
827 2536 960 2613 proprius
975 2533 1124 2613 spectandi

114 2616 232 2680 Caesari
244 2626 402 2696 suggestus
417 2635 498 2698 quam
514 2618 630 2697 propria
642 2635 717 2697 quae
728 2627 853 2697 spectet.
879 2617 989 2678 Licebit
1002 2634 1074 2694 ergo
1085 2619 1124 2676 oi-

112 2701 197 2762 vibus
213 2703 270 2763 tuis
284 2712 314 2763 te
327 2704 450 2764 invicem
466 2703 610 2764 oontueri:
637 2701 749 2762 dabitur
765 2719 822 2762 non
844 2702 1005 2763 oubioulum
1020 2703 1124 2779 prinoi-

113 2787 160 2865 pis
177 2784 229 2847 sed
248 2788 342 2866 ipsum
357 2788 516 2866 prinoipem
536 2803 675 2863 eernere,
697 2787 725 2844 in
745 2784 881 2866 pubiieo,
902 2787 930 2846 in
952 2785 1061 2866 populo
1078 2805 1124 2847 se·

69 2870 244 2947 abdentem,
261 2870 388 2950 populo,
405 2873 452 2931 oui
467 2869 597 2931 looomm
612 2871 737 2949 quinque
752 2869 827 2930 milio
840 2871 979 2932 adiecisti.
993 2872 1125 2931 duxeras

114 2956 191 3016 eninr
205 2971 351 3015 numerum
363 2956 426 3016 eius
438 2956 575 3033 congiarii
587 2953 723 3014 iuoilitate
734 2955 926 3035 maioremque
937 2959 1125 3036 inposterum

113 3038 420 3184 81180ῑιῐίιὶιιιέιιιιιζθιῐιίιὶιιιιιιιιαιι1ιεί
431 3038 728 3202 ῗιῖιθειῗιῖῗιέἓίειῖιῖιῗξ,
745 3125 800 3184 iam
813 3123 916 3184 dudum
931 3122 973 3182 illi
986 3120 1121 3182 radiatum
1134 3121 1175 3185 52

113 3215 201 3286 oaput
217 3216 247 3267 et
261 3207 354 3267 media
367 3209 441 3268 inter
456 3207 528 3268 deos
544 3205 631 3268 sedes
643 3224 711 3268 auro
725 3216 813 3268 steret
828 3215 875 3267 aut
889 3206 980 3266 ebore
996 3208 1122 3284 augusti·

69 3291 275 3369 moribusque
289 3293 345 3352 aris
361 3301 391 3351 et
406 3290 606 3369 grandioribus
620 3292 743 3352 victimis
763 3291 954 3350 invocaretur.
984 3288 1026 3349 Tu
1042 3288 1123 3350 delu-

112 3375 163 3436 bra
180 3391 237 3434 non
257 3377 311 3436 nisi
328 3375 495 3436 adoraturus
509 3378 612 3452 intras,
637 3376 688 3436 tibi
709 3374 847 3434 maximus
866 3373 958 3433 honor
978 3373 1122 3434 excubare

111 3475 167 3538 pro
184 3458 298 3538 templis
314 3459 503 3538 postibusque
519 3460 659 3538 praetexi.
692 3457 741 3518 Sio
756 3458 786 3518 iit
799 3466 831 3518 ut
845 3457 882 3518 dii
898 3475 1035 3518 summum
1048 3459 1123 3518 iuter

111 3542 243 3602 homiues
257 3543 401 3620 fastigium
416 3553 550 3622 servent,
566 3561 629 3602 eum
644 3536 761 3604 deorum
775 3543 840 3620 ipse
854 3558 911 3601 non
921 3541 1051 3622 adoptes.
1067 3538 1122 3601 lta·
