2632 4096
219 291 262 355 80
641 285 675 348 0.
697 285 794 348 Pthl

219 442 273 506 Eat
289 440 403 520 quidem
416 439 484 502 mihi
499 453 564 500 eum
579 441 637 502 isto
655 449 752 500 contra
768 457 854 518 quem
867 455 913 500 ma
928 439 1053 502 advocas
1065 456 1126 500 non
1142 437 1228 516 plane

191 525 369 606 ,iiamiliaris
390 525 443 586 sed
461 535 554 586 tamen
574 525 708 585 amicitia.
737 523 860 584 Accedit
881 523 938 584 hue
958 523 1082 602 dignitas
1102 523 1229 584 hominis

221 621 308 690 atque
320 610 368 670 hic
379 610 444 687 ipse
462 610 509 668 cui
524 608 682 670 destinatus
697 616 742 668 est
755 607 860 676 honor;
878 611 961 669 cuius
972 609 1056 672 nobis
1070 607 1127 668 hoc
1138 608 1231 666 maior

221 693 351 756 habenda
365 693 527 753 reverentia
545 701 591 754 est
611 691 688 770 quod
705 693 759 751 iam
774 691 826 752 illo
842 692 933 752 functi
953 710 1060 753 sumus.
1090 689 1230 750 Naturale

222 787 268 840 est
288 779 363 838 enim
382 785 413 836 ut
429 793 464 836 ea
485 793 559 853 quae
580 778 645 854 quis
665 773 785 853 adeptus
804 785 850 836 est
871 778 935 853 ipse
952 793 1036 856 quam
1052 773 1256 852 amplissimae

198 860 380 926 4existimari
397 858 478 920 velit.
508 857 567 919 Sed
586 859 656 919 mihi
675 861 811 936 cogitanti
830 859 990 920 adiuturum
1007 877 1053 920 me
1070 856 1183 918 Corelli
1200 857 1232 916 ii·

222 945 278 1006 liae
301 945 393 1004 omnia
413 944 468 1004 ista
487 941 590 1020 frigida
611 952 641 1004 et
661 945 753 1003 inania
772 943 913 1004 videntur.
946 943 1123 1004 Obversatur
1134 939 1232 1002 oeulis

223 1028 274 1088 ille
288 1029 343 1102 vir,
362 1043 420 1104 quo
435 1028 576 1087 neminem
589 1036 668 1088 aetas
684 1036 782 1088 nostra
798 1029 960 1104 graviorem
976 1029 1151 1088 sanctiorem
1162 1025 1232 1086 sub-

223 1111 349 1171 tiliorem
366 1109 445 1179 tulit;
462 1125 547 1189 quem
561 1129 619 1188 ege
635 1126 699 1170 cum
716 1129 753 1170 ex
771 1110 956 1170 admiratione
973 1110 1095 1188 diligere
1112 1111 1231 1187 coepis-

223 1211 296 1273 sem,
312 1192 389 1273 quod
404 1196 521 1256 evenire
544 1193 748 1272 commedat,
766 1196 858 1272 magis
878 1193 1030 1256 admiratus
1045 1211 1124 1271 rum,
1147 1200 1273 1271 post-10

200 1289 310 1357 aquam
325 1279 439 1356 penitus
462 1280 586 1355 inspexi.
617 1278 733 1356 Inspexi
748 1280 822 1338 enim
839 1279 967 1355 penitus:
989 1277 1058 1338 nihil
1075 1295 1093 1336 a
1114 1293 1162 1336 me
1179 1275 1231 1335 ille

226 1371 387 1439 secretum,
402 1378 459 1422 non
474 1361 617 1436 ioculare,
635 1379 692 1422 non
706 1363 831 1438 serium,
845 1379 903 1420 non
918 1363 1018 1440 triste,
1041 1378 1099 1421 non
1112 1358 1231 1420 laetum.

200 1444 469 1511 6Adulescentulus
484 1462 578 1521 eram,
603 1453 633 1504 et
649 1449 705 1505 iam
721 1446 789 1505 mihi
805 1447 840 1506 ab
859 1445 909 1505 illo
924 1445 1017 1507 honor
1031 1454 1117 1523 atque
1132 1445 1231 1520 etiam,

224 1529 336 1589 audebo
352 1527 467 1606 dicere,
488 1530 650 1589 reverantia
665 1538 697 1588 ut
711 1528 824 1607 aequali
838 1529 1005 1590 habebatur.
1032 1527 1087 1588 Ille
1101 1545 1185 1588 meus
1202 1529 1232 1586 in

225 1611 358 1691 petendis
375 1610 533 1672 honoribus
547 1611 717 1689 suffragator
729 1622 760 1672 et
776 1615 869 1690 testis,
885 1611 935 1673 ille
951 1615 980 1672 in
996 1610 1164 1673 inchoandis
1181 1609 1233 1670 de·
1243 1621 1272 1674 li

225 1697 327 1756 ductor
344 1706 374 1757 et
390 1713 501 1773 comes,
512 1695 563 1756 ille
576 1697 605 1754 in
619 1695 755 1773 gerendis
768 1696 936 1757 consiliator
946 1705 977 1758 et
990 1705 1098 1774 rector,
1114 1693 1165 1754 ille
1181 1693 1232 1754 de-

225 1783 313 1858 nique
329 1779 358 1839 in
376 1781 507 1840 omnibus
525 1779 628 1840 ciliciis
650 1782 773 1857 nostris,
801 1797 968 1858 quamquam
984 1789 1014 1840 et
1030 1778 1186 1840 inbecillus
1201 1787 1233 1838 et

201 1866 339 1942 isanior,
363 1866 445 1942 quasi
461 1865 573 1924 iuvenis
589 1872 618 1923 et
632 1863 743 1924 validus
760 1864 999 1941 conspiciebatur.
1022 1862 1165 1936 Quantum
1181 1859 1233 1920 ille

227 1948 317 2008 lamae
332 1965 412 2006 meae
430 1946 517 2024 domi,
534 1949 563 2005 in
578 1947 714 2025 publico,
732 1956 865 2026 quantum
881 1950 965 2008 etiam
981 1946 1055 2024 apud
1070 1947 1235 2024 principem

202 2029 378 2096 eadstruxit!
398 2028 469 2089 Nam
491 2047 554 2088 cum
577 2030 653 2090 lorte
675 2030 710 2090 de
733 2031 815 2091 bonis
836 2031 986 2090 iuvenibus
1009 2030 1085 2107 apud
1107 2028 1273 2089 Nervamto

227 2117 427 2191 imperatorem
441 2130 536 2174 sermo
551 2112 700 2175 incidisset
715 2123 745 2174 et
761 2114 894 2194 plerique
910 2132 956 2174 me
968 2113 1097 2174 laudibus
1108 2113 1232 2189 ferrent,

227 2195 377 2276 paulisper
391 2214 425 2257 se
441 2198 513 2256 intra
526 2197 673 2258 silentium
688 2201 795 2276 tenuit,
817 2198 892 2276 quod
911 2197 954 2257 illi
968 2197 1117 2276 plurimum
1131 2205 1233 2256 aueto-

226 2282 317 2342 ritatis
334 2278 469 2349 addebat3
493 2278 596 2341 deinde
611 2283 750 2358 gravitate
764 2299 847 2356 quam
861 2299 946 2343 nuras
962 2287 1097 2343 ‘necesse
1115 2285 1173 2342 est’
1190 2282 1233 2340 iu·

228 2363 297 2444 qnid
318 2364 444 2443 ‘parcius
463 2363 575 2426 laudem
597 2363 776 2442 Secundum,
802 2367 868 2444 quia
888 2364 958 2426 nihil
978 2367 1033 2426 nisi
1054 2383 1092 2424 cx
1107 2363 1231 2426 consilio

203 2459 293 2513 9meo
310 2447 400 2509 iacit?
428 2445 491 2520 Qua
506 2465 580 2508 voce
595 2449 694 2509 tribuit
705 2449 776 2518 'nihi
793 2459 926 2527 quantum
940 2457 1042 2527 petere
1055 2458 1125 2510 vote
1142 2450 1273 2508 inmo-25

111 2582 114 2588 .
228 2533 322 2594 dicum
337 2542 414 2610 erat,
437 2531 508 2592 nihil
524 2551 570 2593 me
585 2531 681 2592 iacere
699 2550 755 2593 non
769 2534 990 2611 sapientissime,
1007 2550 1072 2592 eum
1086 2534 1181 2592 omnia
1196 2549 1234 2592 ex

228 2615 350 2678 consilio
373 2618 575 2694 sapientissimi
591 2617 644 2675 viri
659 2615 794 2678 facerem.
825 2614 1000 2689 Quinetiam
1014 2617 1140 2678 moriens
1155 2615 1232 2676 liliae

228 2718 313 2776 suae,
338 2709 368 2760 ut
383 2701 446 2777 ipsa
460 2699 536 2762 solet
550 2699 736 2779 praedicare,
753 2700 869 2762 ‘multos
881 2699 997 2779 quidem
1010 2701 1117 2762 amicos
1132 2701 1185 2760 tibi
1201 2708 1233 2759 ut
1306 2759 1307 2778 p

226 2782 358 2860 longiore
379 2785 436 2843 vita
452 2785 564 2860 paravi,
588 2786 760 2862 praecipuos
782 2794 875 2845 tamen
892 2782 1055 2844 Secundum
1077 2793 1107 2844 at
1121 2781 1232 2844 Cornu-
1306 2781 1307 2818 l

186 2870 308 2930 totum?
328 2862 412 2937 Quod
428 2883 492 2924 cum
505 2867 660 2945 recordor,
680 2868 819 2948 intellego
840 2868 908 2928 mihi
928 2867 1110 2928 laborandum
1125 2886 1162 2928 ue
1178 2873 1273 2946 quaet

228 2958 309 3028 parte
329 2949 428 3009 videar
446 2949 519 3010 hanc
540 2950 576 3011 de
594 2968 640 3010 me
659 2951 789 3013 fiduciam
810 2951 1055 3031 providentissimi
1074 2953 1128 3010 viri
1143 2950 1233 3011 desti·

186 3044 218 3098 11
227 3035 328 3096 tuisse.
350 3031 444 3104 Quare
457 3051 513 3111 ego
528 3052 599 3094 vero
620 3032 765 3097 Corelliae
782 3035 870 3097 adero
885 3037 1097 3114 promptissime
1114 3051 1170 3095 nee
1184 3052 1233 3096 su·
1306 3059 1307 3068 ι

228 3118 290 3178 bire
312 3116 436 3179 offensas
453 3119 613 3180 recusabo:
636 3137 803 3199 quamquam
815 3136 873 3180 non
887 3119 980 3180 solum
994 3121 1106 3179 veniam
1120 3134 1166 3178 ma
1181 3136 1232 3178 ve·

226 3219 289 3262 rum
311 3203 397 3262 etiam
410 3199 522 3262 laudem
536 3202 611 3280 apud
628 3203 713 3264 istum
732 3205 825 3282 ipsum
842 3221 859 3264 a
879 3220 956 3282 quo,
974 3212 1005 3263 ut
1021 3203 1081 3281 ais,
1102 3219 1177 3263 nova
1193 3200 1231 3262 lis

227 3285 352 3346 fortasse
366 3294 397 3345 ut
412 3284 535 3346 feminae
549 3285 704 3346 intenditur
716 3287 838 3348 arbitror
858 3295 1094 3363 consecuturum,
1116 3288 1142 3347 si
1159 3284 1273 3347 bacchi

228 3369 328 3431 eadem
345 3371 519 3449 iunctione,
539 3368 624 3432 latius
640 3369 752 3432 seilicet
768 3381 798 3432 et
813 3372 930 3433 uberius
944 3387 1028 3450 quam
1044 3368 1231 3449 epistularum

227 3454 374 3530 angustiae
390 3455 501 3532 sinunt,
516 3453 565 3515 vel
576 3456 605 3514 in
620 3456 833 3516 excusationem
846 3455 895 3516 vel
910 3447 995 3516 etiam
1010 3452 1232 3515 commendatio·
1306 3459 1307 3462 ’

227 3553 293 3598 nem
308 3553 399 3596 meam
414 3536 522 3597 dixero.
554 3537 637 3598 Vale.
