2632 4096
626 273 659 335 G.
683 271 779 335 PLlNl

422 476 460 560 o.
490 476 601 560 rum
632 475 790 559 ersom
817 473 993 558 sucum}

204 627 1086 746 ¹ll’llllllhllllll

567 821 664 876 LIBER
685 820 847 887 QUINTUS.

696 981 718 1045 1.

424 1083 452 1136 c.
470 1083 596 1137 rmums
614 1083 712 1134 nuuro
732 1083 860 1136 suusne
879 1083 940 1136 suo
956 1069 984 1137 s'.
1087 1118 1093 1123 .

177 1206 192 1258 1
261 1186 399 1267 Legatum
422 1185 488 1246 mihi
509 1187 626 1248 obvenit
646 1185 788 1248 medicum
814 1185 867 1247 sed
891 1185 1065 1264 amplissimo
1091 1187 1217 1262 gratius.
1226 1200 1259 1253 lo

202 1269 447 1352 Guramplissimo
458 1268 587 1350 gratius?
602 1271 756 1350 Pomponia
774 1269 855 1332 Galle
873 1268 1048 1330 exheredato
1066 1267 1124 1329 lilio
1136 1269 1217 1330 Asu-

203 1356 250 1418 dio
266 1355 389 1417 Ouriano
402 1355 540 1416 heredem
561 1354 716 1434 reliquerat
735 1373 798 1432 me,
821 1353 938 1414 dederat
958 1351 1120 1414 coheredes
1143 1355 1216 1415 Ser-

203 1443 306 1502 torium
320 1440 476 1515 Seuerum,
490 1441 662 1516 praetorium
676 1441 784 1516 virum,
801 1437 932 1518 aliosque
947 1437 1115 1517 splendidos
1131 1441 1215 1517 equi·

175 1535 248 1593 ates
271 1523 426 1585 Romanos.
465 1520 603 1584 Curianus
630 1523 727 1584 orabat
753 1533 784 1584 ut
810 1522 865 1583 sibi
890 1522 1024 1582 donarem
1048 1524 1214 1600 portionem

203 1626 296 1668 meam
309 1626 400 1687 seque
415 1607 591 1686 praeiudicio
609 1609 748 1675 iuverem;
772 1606 891 1666 eandem
912 1609 997 1667 tacite
1019 1609 1213 1668 conventione
1223 1625 1256 1678 15

177 1692 310 1762 3salvem
330 1692 397 1752 mihi
417 1691 617 1771 pollicebatur.
648 1689 870 1770 Respondebam
883 1707 940 1750 nou
956 1693 1110 1750 convenire
1125 1693 1215 1750 mori·

204 1779 257 1840 bus
272 1779 343 1838 meis
358 1775 435 1837 eliud
450 1775 541 1855 palam
558 1775 633 1836 aliud
647 1794 735 1854 agere
750 1785 884 1852 secreto,
899 1783 1050 1855 praeterea
1066 1789 1123 1833 non
1141 1795 1213 1836 esse

203 1864 272 1923 satis
285 1861 438 1923 honestum
459 1860 565 1921 donare
586 1869 616 1920 et
636 1859 775 1939 locupleti
798 1870 827 1920 et
848 1860 937 1936 orbo,
958 1861 986 1919 iu
1007 1875 1131 1936 summa,
1152 1877 1214 1919 non

202 1944 380 2024 profuturum
396 1947 441 2022 ei,
461 1947 486 2005 si
508 1943 676 2022 donassem,
699 1943 891 2023 profutumm‚
908 1945 932 2004 si
952 1945 1124 2020 cessissem,
1141 1962 1212 2004 esse

202 2038 297 2089 autern
311 2046 357 2088 me
373 2037 499 2107 paratum
516 2027 640 2106 cedere,
663 2030 687 2089 si
707 2030 803 2107 inique
818 2026 1021 2088 exheredatum
1035 2027 1100 2087 mihi
1118 2026 1255 2106 lique-20

176 2122 255 2177 bret.
278 2111 324 2174 hu
339 2111 396 2171 hoc
410 2111 460 2172 ille
478 2118 564 2190 ‘rogo
581 2118 765 2189 cognoscas?
789 2111 945 2174 Cunctatus
956 2111 1070 2190 paulum
1082 2111 1210 2173 ‘faciam’

201 2199 330 2275 inquam:
346 2201 454 2274 ‘neque
471 2197 545 2256 euim
558 2195 644 2256 video
660 2215 711 2258 cur
724 2199 788 2276 ipse
802 2215 848 2257 me
862 2198 999 2256 minorem
1013 2205 1110 2275 putem
1126 2214 1212 2274 quam

202 2281 253 2342 tibi
267 2278 377 2341 videor.
408 2278 468 2340 Sed
486 2283 541 2340 iam
561 2299 636 2341 nuuc
657 2292 799 2342 memento
814 2298 872 2341 uon
887 2280 1045 2341 defuturam
1058 2279 1126 2340 mihi
1141 2299 1212 2341 cou-

203 2367 349 2442 sentiam,
365 2365 390 2425 si
404 2366 442 2424 ite
458 2363 530 2426 lides
545 2364 673 2444 duxerit,
694 2366 851 2427 secuudum
864 2374 981 2426 matrem
996 2373 1071 2424 tuam
1085 2383 1212 2443 pronun·

176 2449 309 2511 otiandi?
339 2448 389 2510 ‘Ut
405 2448 502 2510 voles’
518 2451 569 2510 ait:
585 2449 681 2511 ‘voles
696 2451 770 2510 euim
786 2450 863 2528 quod
873 2451 1097 2528 aequissimum!
1120 2449 1253 2513 hohi-m

202 2534 250 2594 bui
264 2536 293 2594 in
312 2533 461 2596 eonsilium
482 2533 554 2596 duos
574 2551 647 2612 quos
667 2542 735 2594 tuuc
754 2535 853 2594 civitas
869 2543 968 2594 nostra
981 2535 1211 2612 spectatissimos

200 2617 313 2695 habuit,
334 2616 491 2679 Corellium
511 2628 541 2680 et
560 2617 733 2680 Frontinum.
762 2617 812 2679 llis
828 2618 1016 2678 circumdatus
1030 2619 1059 2677 iu
1074 2617 1211 2679 cubiculo

175 2710 266 2764 timeo
281 2701 354 2763 sedi.
374 2702 453 2763 Dixit
468 2700 606 2764 Curianus
623 2721 695 2782 quae
712 2719 764 2781 pro
781 2721 814 2763 se
829 2703 954 2780 putabat.
976 2700 1125 2780 Respondi
1139 2720 1211 2781 pau·
1304 2731 1305 2778 p

203 2786 244 2846 cis
259 2801 331 2862 ego;
345 2804 441 2864 neque
455 2788 530 2845 euim
544 2785 641 2847 aderat
654 2784 724 2846 alius
741 2787 789 2865 qui
801 2785 952 2847 deiunctae
963 2784 1102 2865 pudorem
1112 2796 1211 2849 tuere·
1304 2793 1305 2844 J

200 2877 260 2929 tur:
287 2865 391 2929 deiude
412 2872 524 2930 secessi
542 2878 572 2930 et
593 2887 631 2929 ex
651 2869 762 2930 consilii
777 2873 918 2932 sententia
932 2870 1067 2931 ‘videtur’
1083 2873 1252 2950 inquam‚30
1304 2911 1305 2932 r

202 2949 355 3031 ‘Curiane‚
381 2961 472 3014 mater
496 2962 542 3014 tuu
568 2955 657 3015 iustas
682 2954 817 3018 habuisse
838 2972 938 3017 causas
962 2954 1105 3017 irascendi
1131 2956 1208 3016 tibi?

202 3037 271 3098 l’ost
291 3035 348 3098 hoc
368 3037 418 3098 ille
441 3055 504 3097 cum
520 3041 625 3100 ceteris
646 3039 816 3119 subscripsit
837 3039 1039 3101 centumvirale
1061 3040 1208 3119 iudicium,

174 3132 257 3188 luen
273 3121 443 3199 subscripsit
457 3141 578 3186 mecum.
601 3122 765 3202 Adpetebat
775 3123 871 3184 iudicii
886 3124 962 3186 dies:
979 3122 1140 3184 coheredes
1151 3127 1209 3185 mei
1304 3119 1305 3126 '

202 3222 367 3286 conponere
385 3217 414 3268 et
428 3209 587 3286 transigere
603 3209 772 3287 cupiebant,
788 3225 845 3268 nou
861 3207 1015 3268 diffidentia
1036 3225 1139 3268 causae
1155 3208 1211 3270 sed

200 3300 277 3352 metu
298 3299 468 3370 temporum.
496 3289 677 3353 Verebantur
691 3291 769 3371 quod
787 3291 922 3354 videbant
938 3289 1032 3353 multis
1051 3291 1251 3372 occidissem

172 3383 237 3438 8ne
253 3393 290 3434 ex
305 3375 500 3436 centumvirali
515 3376 621 3437 iudicio
636 3379 740 3454 capitis
753 3377 796 3437 uei
812 3379 931 3437 exirent.
952 3375 989 3436 m
1004 3386 1083 3437 erant
1095 3375 1210 3455 quidam

200 3457 301 3519 inillis
318 3460 420 3536 quibus
435 3462 511 3521 obici
527 3471 556 3522 et
573 3459 707 3520 Gratillae
722 3461 842 3521 amicitia
853 3470 883 3521 et
895 3459 1007 3522 Rustici
1018 3468 1128 3539 posset.
1148 3458 1208 3521 Ro·

174 3549 268 3616 9geut
281 3557 328 3600 me
348 3551 379 3601 ut
394 3561 457 3602 cum
473 3541 594 3604 Curiano
615 3542 725 3622 loquar.
758 3543 948 3605 Convenimus
965 3546 994 3602 iu
1015 3545 1115 3605 aedem
1131 3541 1209 3605 Gen·
