2632 4096
365 263 692 346 nrtsuunnuuurt.
714 274 757 328 eo.
773 273 817 328 er.
1034 267 1096 334 usa

104 427 224 479 tauron
239 419 299 479 sine
320 417 414 498 aliqua
428 419 654 498 reprehensione
676 417 830 496 patientiae
846 434 925 477 amor
939 421 1036 482 uxoris
1050 440 1095 482 re·

103 500 238 579 tardabat,
263 520 345 580 mam
365 501 479 582 quidem
500 504 584 564 etiam
604 509 670 581 post
691 499 814 561 delatum
833 499 1001 562 adulterium
1021 503 1096 566 domi

103 584 246 661 habuerat,
269 587 350 665 quusi
365 595 515 648 contentus
529 584 670 646 aemulum
684 585 853 644 removisse.
884 584 1052 647 Admonitus
1066 598 1121 652 ut6

104 677 248 746 perageret
264 671 494 749 accusationem,
522 671 634 750 peregit
655 670 768 728 invitus.
801 667 859 727 Sed
878 667 954 728 illam
975 669 1096 732 demum

83 753 179 814 tetiam
195 754 282 813 invito
298 763 467 814 accusatore
486 771 611 815 necesso
631 759 709 812 erat:
730 752 857 812 damnata
873 759 902 812 et
915 750 1006 812 lullae
1021 752 1096 832 legis

102 837 195 914 poenis
210 836 310 897 relicta
325 845 380 898 est.
409 836 516 898 caesar
530 846 559 897 et
574 853 676 897 nomen
692 837 865 896 centurionis
881 844 911 896 et
926 853 1096 900 commemo·

102 921 229 980 rationem
241 919 408 1000 discipliuae
422 921 547 982 militaris
562 922 721 982 sententiae
736 919 850 998 adiecit,
867 939 904 982 no
920 923 1009 984 omnis
1022 925 1096 983 eius·

102 1002 169 1065 modi
185 1022 285 1066 causas
306 1022 445 1066 revocare
459 1004 495 1065 ad
509 1023 542 1065 se
557 1005 711 1064 uideretur.
745 1002 842 1064 Tertio
857 1004 904 1066 die
919 1005 1032 1068 inductu
1047 1016 1121 1071 coi

104 1088 183 1164 guitio
199 1096 244 1148 est
256 1087 350 1148 multis
365 1089 543 1150 sermonibus
559 1098 589 1148 et
600 1089 679 1150 vario
693 1104 806 1148 rumore
821 1089 934 1165 iactata,
950 1087 1005 1149 Iuli
1017 1090 1096 1152 Tiro·

71 1171 142 1230 lonis
158 1170 292 1249 codicilli,
307 1190 380 1250 quos
395 1191 431 1232 ex
445 1181 525 1252 parte
538 1189 625 1232 veros
638 1189 705 1232 esse
718 1171 875 1249 constabat,
892 1189 929 1232 ex
939 1182 1021 1252 parte
1033 1174 1096 1235 falsi

104 1253 270 1317 dicebantur.
318 1255 566 1317 Substituebantur
600 1256 708 1315 crimini
742 1255 927 1333 Sempronius
959 1256 1123 1335 Senectus

105 1355 185 1416 eques
200 1339 360 1416 Romanus,
380 1348 411 1400 et
423 1337 613 1417 Eurythmus,
635 1335 768 1398 Caesaris
782 1336 904 1400 libertus
918 1348 947 1399 et
961 1357 1096 1419 procurs-

104 1429 152 1482 tor.
181 1422 329 1502 lleredes,
352 1441 416 1484 cum
437 1421 544 1484 Gaesur
565 1431 644 1482 essct
663 1424 691 1482 in
705 1421 812 1500 Dacia,
838 1425 1023 1484 communiter
1037 1426 1097 1503 epi·

104 1505 169 1565 stula
182 1509 289 1586 scriptu
303 1508 444 1586 petierant
458 1516 489 1567 ut
503 1508 665 1584 susciperet
681 1507 880 1584 cognitionem.
912 1507 1095 1587 Suscepernt.

71 1585 240 1652 tellercrsus
256 1589 330 1650 diem
346 1590 479 1669 dederat,
502 1598 609 1650 etcum
630 1607 667 1649 ex
686 1589 839 1650 heredibus
861 1591 988 1668 quidam,
1017 1594 1122 1671 quasis

104 1677 254 1736 reverentia
268 1673 426 1752 Eurythmi,
443 1676 605 1735 omitterent
619 1669 839 1749 accusationem,
852 1673 1043 1752 pulcherrime
1056 1675 1096 1734 di·

102 1767 176 1820 xetat
190 1763 257 1819 ‘uec
272 1758 323 1819 ille
338 1757 494 1834 Polyclitus
510 1766 624 1819 estnec
639 1774 695 1834 ego
707 1755 808 1818 meror
831 1756 988 1818 Indulserat
1004 1769 1097 1818 tamen

103 1843 257 1917 petentibus
280 1842 458 1916 ddutionem,
481 1843 561 1902 cuius
581 1851 711 1921 tempore
733 1851 835 1902 exacto
857 1840 1027 1912 consederat
1049 1860 1097 1902 au·

105 1921 211 1986 diturus.
249 1927 278 1986 h
303 1935 384 2005 parte
412 1925 547 1986 heredum
567 1927 741 1986 intraverunt
762 1923 834 1994 duo;
862 1927 975 1986 omniuo
998 1935 1139 2006 postu-10

71 2005 224 2070 uraverunt
253 2027 352 2070 omnes
374 2009 497 2070 heredes
517 2026 605 2087 agere
627 2019 817 2087 cogerentur,
845 2026 909 2068 cum
929 2009 1098 2071 detulissent

105 2106 211 2172 omnes,
232 2103 281 2154 aut
296 2094 351 2154 sihi
371 2110 486 2172 quoque
503 2092 644 2154 desistere
661 2093 880 2171 permitteretur.
912 2091 1037 2156 Locutus
1053 2104 1098 2155 est
1109 2105 1135 2157 tt

106 2173 202 2238 Caesar
222 2195 331 2238 summa
355 2179 511 2254 gravitate,
538 2192 644 2236 summa
668 2177 879 2253 moderatione,
908 2194 1028 2256 cumque
1050 2177 1098 2238 ad·

104 2267 215 2322 uocatus
237 2261 405 2322 Senecionis
435 2269 464 2321 et
482 2259 629 2336 Eurythmi
651 2260 769 2321 dixisset
788 2261 992 2340 suspitionibus
1013 2259 1098 2320 relin-

107 2345 149 2421 qui
161 2362 245 2423 reos,
260 2345 315 2405 nisi
329 2343 506 2420 audirentur,
522 2350 589 2404 ‘uon
606 2349 686 2404 curo’
701 2344 797 2422 inquid
813 2349 860 2405 ‘au
873 2346 919 2403 isti
936 2345 1098 2423 suspitioni·

72 2424 153 2488 tibus
167 2428 370 2508 relinquantur,
385 2446 442 2506 ego
454 2426 621 2506 relinquor'.
643 2426 717 2486 Dein
727 2427 998 2505 conversusadnos,
1012 2422 1097 2486 ‘darc
1108 2438 1141 2490 12

107 2503 238 2590 στήσατε
254 2511 322 2591 quid
337 2511 434 2572 lacere
450 2511 618 2572 debeamus:
639 2513 686 2571 isti
708 2512 783 2570 enirn
804 2512 885 2590 queri
905 2509 1004 2570 volunt
1024 2510 1100 2588 quod

107 2594 155 2655 sibi
167 2614 222 2656 non
234 2596 346 2656 licuerit
361 2599 520 2656 accusarc'.
540 2594 609 2656 Turn
623 2613 661 2656 ex
675 2593 785 2656 consilii
800 2595 940 2655 sententia
955 2595 1037 2654 iussit
1051 2593 1100 2654 de·

107 2680 217 2741 nuntiari
234 2679 389 2740 heredibus
410 2679 539 2739 omnihus
564 2687 612 2738 aut
631 2687 750 2757 agerent
770 2687 817 2738 aut
838 2677 941 2755 singuli
962 2678 1100 2757 adproba-

108 2771 164 2822 rent
173 2781 273 2824 causas
288 2779 344 2822 non
358 2761 475 2841 agendi3
499 2761 604 2840 alioqui
621 2779 654 2822 se
669 2761 718 2822 rel
734 2762 771 2822 de
787 2760 922 2822 calumnia
937 2764 1100 2841 pronuntin-

73 2850 199 2908 totunm.
221 2846 309 2908 Vides
325 2864 408 2925 quam
422 2847 553 2923 honesti,
570 2861 652 2924 qnam
665 2847 761 2906 severi
775 2844 854 2924 dies,
872 2863 944 2924 quos
959 2845 1144 2908 iucundis-13

109 2928 187 2990 simae
203 2932 387 2992 remissiones
408 2930 609 3010 sequebantur.
640 2929 852 2992 Adhibebamur
871 2929 976 2991 cotidie
998 2947 1103 2991 cenae:

109 3021 163 3072 atat
175 3014 301 3091 modica,
322 3017 347 3074 si
369 3014 526 3092 principem
541 3015 693 3090 cogitares.
724 3011 1040 3090 Interdumacroamata
1055 3030 1102 3072 au·

109 3092 261 3175 diebamus,
283 3097 420 3159 interdurn
441 3097 650 3158 iucundissimis
671 3098 848 3159 sermonibus
863 3115 921 3158 uox
938 3095 1100 3156 ducebatur.

109 3177 214 3240 Summo
228 3181 275 3246 die
289 3182 457 3244 abeuntibus
472 3182 555 3241 nobis
571 3181 643 3260 (tam
658 3179 779 3260 diligens
797 3183 825 3242 in
840 3178 964 3241 Caesare
979 3180 1146 3260 humani-14

74 3262 163 3340 tous)
177 3267 259 3325 xenia
274 3273 337 3326 sunt
351 3267 445 3326 missa.
467 3265 525 3324 Sed
539 3265 607 3324 rnihi
621 3273 652 3324 ut
665 3266 789 3342 gravitas
803 3265 1011 3342 cognitionum,
1034 3278 1102 3322 con·

110 3344 161 3406 silli
173 3347 277 3425 honor,
299 3350 422 3408 suavitas
444 3348 668 3428 simplicitasque
689 3350 855 3423 convictus,
876 3348 915 3406 ita
936 3345 1018 3406 locus
1039 3349 1103 3424 ipse

109 3431 291 3506 periucundus
307 3433 368 3494 luit.
396 3431 471 3492 Villa
485 3431 674 3511 pulcherrima
688 3433 809 3509 cingitur
822 3429 1001 3490 viridissimis
1014 3430 1102 3508 agris,
1114 3439 1146 3490 15

109 3511 227 3576 imminet
244 3515 334 3594 litori,
361 3517 441 3576 cuius
468 3517 496 3576 in
518 3517 580 3575 sinu
601 3515 631 3574 lit
652 3531 715 3574 cum
735 3515 853 3574 maxime
873 3521 983 3656 purgas.
1014 3511 1102 3572 Huius

146 3599 216 3654 Putat
230 3602 277 3656 Eu.
