2616 4096
1151 105 1286 240 κΧ

1267 271 1286 317 s*

356 317 617 380 EPISTULARUM
631 318 693 378 Vll.
712 329 756 383 26.
768 326 811 382 ut.
1027 318 1089 382 149

88 471 145 530 dior
159 470 377 549 pulchriorque:
403 471 556 548 perterrito
568 469 692 530 Africam
708 488 757 546 se,
779 469 935 529 futurorum
950 489 1088 548 praenun-

88 557 164 632 tiam,
187 555 270 624 dixit:
295 555 398 614 iturum
419 554 493 613 enim
508 553 625 614 Romam
638 553 820 632 honoresque
834 561 982 631 gesturum
994 555 1087 633 adque

88 641 164 699 etiam
186 655 252 698 cum
271 655 379 698 summo
400 638 520 717 imperio
539 639 568 696 in
583 636 701 697 eaodem
717 637 890 716 provinciam
905 655 1086 698 reversurum

87 723 177 802 ibique
191 724 366 782 moriturum.
388 719 475 781 Facta
485 730 550 782 sunt
566 722 667 782 omnia.
689 719 840 781 Praeterea
855 720 1004 781 accedenti
1019 719 1113 791 (lar-3

66 805 223 884 5thaginem
238 803 455 882 egredientique
472 821 545 864 nare
561 803 660 865 eadem
678 805 767 882 ligura
781 807 810 864 in
823 803 907 864 litore
923 807 1086 866 occurrisse

87 899 213 950 canatur.
247 888 317 967 lpse
334 897 413 948 certe
428 887 574 966 inplicitus
595 889 714 966 morbo,
742 887 833 949 lutura
848 890 1022 967 praeteritis,
1037 890 1085 950 ad·

87 991 164 1034 versa
183 971 318 1033 secundis
339 981 509 1050 auguratus,
531 990 613 1051 spem
634 970 733 1033 salutis
753 971 832 1032 nullo
849 989 964 1032 suorum
980 972 1084 1052 despe-

86 1066 159 1116 rante
180 1057 314 1136 proiecit.
346 1053 405 1115 lam
425 1055 495 1116 illud
512 1073 606 1116 nonne
628 1065 657 1116 et
670 1057 759 1133 magis
775 1055 903 1116 terribile
920 1065 949 1117 et
963 1074 1019 1117 non
1033 1058 1109 1122 mit

21 1163 26 1183 κ
86 1158 133 1201 nus
146 1142 246 1200 uirum
261 1149 324 1217 cst,
347 1137 423 1218 quod
444 1156 583 1218 exponam
606 1148 637 1199 ut
651 1137 773 1218 accepi?
798 1137 866 1199 Erat
880 1139 998 1200 Athenis
1015 1154 1106 1219 spa-5

55 1225 153 1284 totiosa
169 1233 198 1284 et
215 1241 307 1302 capax
321 1223 437 1302 domus,
455 1223 507 1284 sed
522 1223 633 1283 infamis
648 1231 677 1283 et
691 1222 841 1303 pestilens.
873 1221 928 1282 l’er
941 1222 1083 1284 silentium

86 1308 171 1367 noctis
184 1325 274 1368 sonus
286 1307 365 1385 ierri,
379 1317 409 1367 et
425 1309 450 1367 si
460 1305 623 1368 attenderes
635 1309 738 1382 acrius,
756 1308 893 1384 strepitus
905 1305 1083 1367 vinculomm

87 1389 191 1468 longius
207 1393 316 1470 primo,
341 1389 444 1451 deinde
462 1410 479 1451 c
496 1392 626 1470 proximo
641 1390 828 1451 reddebatur:
848 1407 915 1449 mox
929 1391 1082 1470 apparebat

86 1473 191 1552 idolon,
215 1493 309 1536 senex
329 1475 420 1534 macie
440 1483 469 1536 et
486 1474 619 1554 squalore
635 1474 802 1551 conlectus,
824 1474 963 1553 promissa
984 1475 1081 1553 barba,

88 1557 205 1619 horrenti
228 1557 348 1638 capillo:
374 1559 503 1620 cruribus
526 1559 698 1637 compedes,
721 1559 848 1619 manibus
869 1567 983 1619 catenas
997 1575 1082 1637 gere·

56 1653 81 1704 15
88 1639 129 1700 bat
142 1643 353 1721 quatiebatque.
387 1640 457 1702 lnde
474 1643 690 1704 inhabitantibus
711 1644 808 1702 tristes
826 1642 960 1721 diraeque
981 1651 1107 1706 nocteso

87 1741 134 1800 per
152 1735 257 1788 metum
273 1725 474 1804 vigilabuntur:
500 1727 624 1805 vigiliam
644 1725 759 1787 morbus
774 1735 804 1786 et
820 1733 971 1786 crescente
985 1725 1080 1785 iormi·

88 1806 145 1867 dine
161 1828 236 1872 mors
252 1809 435 1890 sequebatur.
465 1808 536 1870 Nam
551 1810 670 1872 interdiu
684 1826 815 1889 quoquo,
834 1825 1000 1889 quamquam
1015 1809 1079 1868 abs·

89 1903 207 1955 cesserat
226 1897 340 1971 imago,
361 1895 496 1958 memoria
517 1895 646 1972 imaginis
663 1893 755 1954 oculis
776 1893 934 1970 inerrabat,
953 1891 1079 1970 longior·

89 1989 138 2050 que
153 1980 245 2038 causis
256 1979 366 2038 timoris
382 1979 465 2038 timor
476 1987 546 2038 erat.
574 1978 697 2039 Deserta
712 1977 778 2037 inde
793 1984 822 2036 et
836 1977 963 2037 damnata
980 1975 1079 2037 solitu·

55 2054 145 2118 tudine
158 2061 256 2122 domus
272 2070 388 2140 totaque
402 2060 443 2120 illi
458 2071 583 2123 monstro
598 2060 712 2130 relicta;
728 2061 960 2140 proscribebatur
974 2069 1077 2138 tamen,

89 2157 133 2199 seu
147 2147 207 2221 quis
222 2163 337 2224 emero,
357 2163 410 2206 seu
426 2147 489 2223 quis
505 2147 667 2206 conducere
685 2147 800 2224 ignarus
814 2146 885 2206 tanti
899 2143 964 2204 mali
978 2143 1078 2205 vellet.

88 2219 163 2285 Venit
175 2227 302 2292 Athenas
317 2228 506 2309 philosophus
523 2228 743 2308 Athenodorus,
765 2228 836 2307 legit
850 2226 977 2305 titulum,
1001 2228 1102 2294 audi-'l

89 2315 167 2386 toque
176 2315 282 2390 pretio,
300 2313 366 2390 quia
380 2321 517 2390 suspecta
531 2313 643 2392 vilitas,
654 2319 874 2392 percunctatus,
887 2313 980 2372 omnia
991 2310 1078 2370 doce·
1095 2347 1116 2386 0

89 2398 129 2448 tur
141 2411 173 2453 ac
186 2395 274 2458 nihilo
289 2399 396 2474 minus,
423 2398 507 2457 immo
528 2405 604 2458 tanto
624 2398 714 2473 magis
737 2395 877 2457 conducit.
910 2394 964 2455 Ubi
980 2395 1078 2471 coepit

57 2469 341 2558 badvespenscerc,
367 2481 446 2540 iubet
461 2481 548 2541 sterni
563 2481 617 2541 sibi
638 2484 728 2560 prima
748 2479 848 2540 domus
866 2486 964 2559 parte,
983 2479 1079 2556 poscit
1109 2501 1112 2507 ·

91 2557 233 2636 pugillares
265 2563 360 2625 stilum
386 2563 497 2625 lumen:
524 2580 593 2625 suos
622 2581 720 2625 omnes
747 2565 775 2622 in
801 2565 935 2622 interiora
955 2561 1077 2638 dimittit,

90 2638 145 2716 ipse
167 2644 201 2706 ad
223 2647 405 2709 scribendum
426 2651 545 2708 animum
567 2647 668 2709 oculos
685 2664 799 2707 manum
815 2645 950 2723 intendit,
971 2663 1009 2704 ne
1029 2663 1079 2705 ra·

92 2739 220 2791 coamens
231 2732 325 2793 audita
339 2731 488 2794 simulacra
502 2741 532 2793 et
544 2733 642 2794 inanes
656 2732 711 2792 sibi
726 2739 818 2791 metus
831 2730 960 2808 lingeret.
981 2727 1104 2808 lnitio‚8

92 2808 163 2882 quale
176 2813 298 2894 ubique,
321 2814 462 2876 silentium
475 2818 587 2893 noctis,
608 2813 673 2875 dein
688 2816 801 2877 concuti
818 2814 939 2892 fernum,
964 2812 1079 2874 vincula

60 2887 263 2958 convertitis
277 2914 334 2959 non
349 2898 452 2959 tollere
466 2898 578 2976 oculos,
591 2917 649 2959 non
659 2901 804 2960 remittere
816 2898 921 2977 stilum,
939 2896 991 2959 sed
1002 2897 1078 2959 oldr-

92 2986 156 3036 mare
174 2982 291 3041 animum
311 2982 481 3062 auribusque
503 2981 705 3062 praetendere:
731 2994 789 3044 tum
816 2983 1004 3044 crebrescere
1024 2982 1079 3042 ira·

92 3071 151 3136 tur,
164 3062 324 3144 adventare,
340 3075 370 3126 et
381 3069 436 3128 iam
450 3076 481 3126 ut
492 3069 522 3127 in
536 3066 648 3146 limine,
672 3069 726 3127 iam
743 3075 774 3126 ut
791 3068 861 3128 intra
874 3065 959 3127 limen
973 3064 1078 3125 audiri:

92 3144 212 3224 respicit,
233 3150 312 3210 ridet
331 3152 517 3231 agnoscitque
537 3159 675 3211 narratam
689 3152 743 3211 sibi
757 3151 892 3229 eldgiem.
924 3149 1022 3209 Stabat
1036 3149 1103 3211 in=9

92 3225 239 3310 nosterque
260 3233 366 3312 digito,
392 3234 493 3295 similis
513 3237 642 3295 vocanti:
668 3234 716 3295 hic
732 3242 828 3294 contra
848 3241 879 3292 ut
893 3231 1006 3310 paulum
1028 3248 1077 3290 ex·

61 3303 223 3384 &spectares
236 3334 317 3378 manu
333 3317 473 3397 signiticat
486 3336 643 3396 rursusque
659 3319 733 3378 ceris
745 3327 774 3378 et
790 3315 856 3378 stilo
867 3315 1015 3375 incumbit:
1029 3313 1078 3374 illa

94 3393 230 3460 scribentis
247 3403 333 3481 capiti
355 3403 460 3463 catenis
474 3401 637 3464 insonabat:
657 3403 776 3482 respicit
794 3417 892 3460 rursus
909 3399 983 3459 idem
999 3397 1077 3476 quod

93 3473 337 3563 construentem,
353 3503 408 3545 nec
420 3493 544 3548 moratus
555 3484 629 3547 tollit
643 3485 738 3546 lumen
752 3493 782 3545 et
796 3484 935 3562 seqnitur.
956 3481 1019 3542 lbat
1030 3481 1120 3546 illaltt

94 3549 161 3619 lento
175 3567 268 3648 pado,
286 3570 367 3652 quasi
381 3571 475 3648 gravis
490 3567 627 3631 vinculis:
651 3577 802 3648 postquam
818 3566 933 3628 deflexit
943 3567 974 3626 in
984 3583 1078 3626 aream
