2616 4096
343 299 604 361 EPISTULARUM
613 299 701 360 Vllll.
715 309 756 362 14.
771 309 814 362 15.
1021 299 1082 364 183

88 468 153 529 sem,
172 469 224 528 qua
238 449 372 529 flagrabat
385 449 460 531 apud
474 451 588 511 ordines
603 450 685 528 alios,
703 451 779 530 quod
794 469 914 512 severus
924 452 952 511 in
965 462 1080 514 ceteros
1119 451 1122 460 “

89 534 258 594 senatoribus
265 534 335 595 solis
344 534 568 596 dissimulatione
577 536 657 612 quasi
665 543 760 594 mutua
771 543 911 612 parceret.
929 534 1008 596 llaec
1018 546 1124 601 acuas

89 625 146 676 sunt
160 617 277 678 ahsente
289 615 392 686 Certo:
408 617 460 677 luit
475 619 548 677 enim
562 635 615 677 seu
632 617 689 677 tala
707 616 813 697 aliquid
828 620 988 695 suspicatus
1004 620 1078 696 sive,

89 707 116 756 ut
128 701 328 779 excusabatur,
344 702 476 761 infirmus.
508 699 546 760 Et
560 698 728 761 relationem
742 700 855 780 quidem
869 700 906 761 de
923 718 959 762 eo
974 699 1081 762 Caesar

69 779 120 842 tad
132 792 256 843 senatum
267 801 323 844 nou
333 785 455 853 remisit;
475 785 582 863 optinui
595 793 687 844 tamen
699 783 775 864 quod
794 785 979 845 intenderam.
1008 783 1121 852 Nemus

88 864 193 942 collega
206 865 284 928 Certi
297 866 472 927 consulatum
481 875 704 944 ‚successorem
720 866 822 928 Certus
837 869 966 947 accepit,
981 867 1078 948 plaue·

88 965 136 1026 qne
155 947 260 1009 lactum
280 959 325 1010 est
347 949 424 1028 quod
444 951 567 1010 dixeram
588 951 617 1008 iu
638 951 705 1029 line,
728 950 840 1012 ‘reddat
856 953 1010 1030 praemium
1024 951 1078 1012 suh

87 1033 182 1109 optimo
199 1034 343 1112 principe,
367 1031 479 1112 quoda
499 1034 625 1110 pessimo
645 1036 781 1110 accepit!
814 1033 917 1095 Postea
936 1037 1078 1096 actionem

85 1129 178 1192 meam,
192 1127 346 1194 utcumque
361 1117 457 1194 potui,
474 1115 633 1192 recollegi,
653 1115 745 1175 addidi
762 1116 857 1176 multa.
890 1116 1004 1180 Accidit
1019 1119 1075 1178 lor·
1086 1129 1122 1184 aa

54 1200 189 1274 lonicum,
208 1199 262 1260 sed
276 1215 333 1259 uon
347 1209 486 1278 tamquam
500 1199 660 1274 fortuitum,
683 1198 760 1277 quod
781 1199 863 1259 editis
878 1199 959 1260 libris
974 1199 1077 1262 Certus

85 1282 149 1340 intra
163 1284 352 1360 paucissimos
368 1282 429 1342 dies
443 1281 587 1361 inplicitus
601 1282 701 1341 morbo
717 1281 852 1342 decessit.
882 1281 985 1342 Audiri
1000 1283 1118 1350 refe-25

86 1372 173 1426 rentes
188 1365 262 1426 lrano
276 1366 425 1444 imaginem
441 1367 614 1441 martinius,
634 1363 707 1424 hauc
722 1363 815 1425 oculis
831 1365 993 1442 oberrasse,
1009 1376 1077 1426 tam·

87 1464 160 1524 quau
173 1449 285 1509 rideret
301 1468 346 1510 me
362 1449 416 1510 sihi
430 1466 494 1508 oum
512 1447 588 1508 ierro
603 1447 757 1508 imminere.
780 1446 892 1509 Verane
909 1449 981 1509 haec
996 1449 1077 1510 adlir·

86 1545 153 1591 mare
172 1550 226 1592 non
247 1534 351 1600 ausim:
384 1533 502 1593 interest
523 1541 617 1592 tamen
637 1531 761 1610 exempli
781 1541 812 1590 ut
829 1549 898 1592 vera
919 1531 1076 1593 videantur.

55 1611 170 1673 15Rabes
186 1615 347 1695 epistulam,
360 1617 385 1675 si
396 1615 509 1675 modurn
523 1614 663 1693 epistulae
677 1616 802 1693 cogites,
818 1614 898 1674 libris
914 1633 986 1693 quos
1002 1617 1119 1694 legi-ao

86 1697 116 1836 pti
129 1715 182 1758 non
195 1701 347 1767 minorem;
372 1697 424 1779 sesi
437 1698 577 1777 imputabis
592 1698 660 1774 tibi,
687 1699 734 1776 qui
756 1707 906 1758 contentus
922 1699 1003 1760 libris
1018 1717 1075 1759 non

97 1782 161 1841 aisti.
193 1782 276 1842 Vale.

530 1862 622 1924 xilll.

354 1962 381 2016 c.
400 1961 524 2013 numius
540 1961 656 2013 arcuo
676 1959 735 2014 suo
754 1962 781 2016 s,

53 2065 80 2116 2⁰
139 2061 199 2124 Nec
212 2067 278 2144 ipse
296 2064 346 2124 tibi
361 2063 471 2143 plaudis
487 2073 516 2124 et
535 2081 592 2141 ego
614 2063 682 2122 nihil
699 2065 788 2143 magis
812 2082 849 2124 ex
868 2065 924 2125 lide
942 2082 1024 2144 quam
1040 2065 1098 2125 del

87 2153 111 2204 ta
126 2148 228 2207 scribo.
251 2146 377 2207 Posteris
393 2165 427 2206 un
441 2147 535 2225 aliqua
549 2163 616 2206 cura
631 2150 720 2208 nostri
734 2150 845 2225 nescio,
859 2167 912 2209 uos
927 2158 1007 2209 certe
1018 2165 1077 2208 me·

86 2246 170 2288 remur
184 2241 214 2292 ut
230 2232 268 2291 sit
282 2229 389 2309 aliqua,
404 2248 460 2290 uon
475 2229 540 2289 dico
555 2231 669 2307 iugenio
681 2229 725 2310 (id
741 2234 815 2292 enim
827 2233 1009 2311 superbum),
1025 2230 1077 2290 sed

86 2310 170 2373 studio
189 2324 218 2374 et
237 2313 336 2373 labore
357 2322 387 2372 et
408 2315 569 2374 reverentia
590 2323 780 2391 posterorum.
817 2315 971 2392 Pergamus
991 2313 1076 2373 modo

86 2394 177 2456 itinere
191 2399 336 2474 instituto,
353 2396 429 2475 quod
444 2407 474 2457 ut
488 2413 596 2474 paucos
610 2398 638 2455 in
652 2396 746 2456 lucem
760 2397 916 2476 famamque
932 2398 1075 2476 provexit,

53 2476 118 2537 inita
132 2479 232 2541 multos
245 2499 261 2540 e
273 2479 399 2540 tenebris
412 2489 441 2540 et
454 2479 569 2541 silentio
583 2479 709 2558 protulit.
738 2479 819 2540 Vale.

545 2594 607 2655 XV.

347 2693 375 2748 c.
395 2693 520 2745 aurnuns
537 2693 677 2745 ranconi
695 2693 756 2745 suo
778 2691 804 2743 S.

142 2778 313 2858 Refugeram
331 2781 359 2838 in
379 2778 508 2856 Tuscos,
530 2789 560 2838 ut
581 2781 672 2839 omnia
685 2777 721 2838 ad
735 2777 878 2838 arbitrium
890 2796 983 2839 meum
998 2778 1098 2841 face-l

87 2875 152 2931 rcum
166 2862 201 2922 ad
212 2864 269 2923 hoo
282 2882 319 2923 ue
333 2863 361 2922 in
375 2861 477 2924 'luscis
492 2862 618 2941 quidem:
638 2871 694 2921 tam
712 2861 806 2922 multis
818 2862 940 2941 undique
955 2864 1078 2925 rustico·

55 2950 142 3004 arum
160 2944 266 3006 libellis
282 2955 311 3006 et
327 2953 383 3006 tam
398 2945 524 3025 querulis
545 2947 703 3024 inquietor,
726 2961 798 3024 quos
821 2945 964 3023 aliquanto
986 2948 1076 3023 magis

88 3026 181 3087 invitus
196 3047 278 3107 quam
291 3046 372 3090 meos
385 3028 469 3107 lego;
489 3046 554 3088 naru
569 3038 600 3089 et
613 3045 694 3090 meos
708 3031 820 3089 invitus.
853 3028 987 3089 Retracto
1002 3030 1104 3088 anima

88 3111 251 3172 actiunculas
272 3113 421 3190 qondam,
449 3111 525 3190 quod
545 3121 612 3189 post
633 3111 875 3192 intercapedinem
894 3112 1032 3191 temporis
1047 3120 1077 3170 et

88 3188 209 3268 frigidum
226 3205 255 3256 et
274 3196 409 3256 acerbum
429 3205 482 3256 est.
511 3193 648 3256 Rationes
668 3197 747 3273 quasi
768 3195 888 3254 absente
909 3212 954 3253 me
976 3192 1077 3272 negle-

89 3285 191 3348 guntur.
222 3278 365 3340 Interdum
383 3287 475 3338 tamen
492 3295 597 3357 equum
611 3278 777 3339 conscendo
791 3286 821 3336 et
834 3284 942 3355 patrem
954 3275 1103 3336 familiaetl

54 3354 218 3422 dilucteuus
234 3379 306 3439 ago,
328 3361 404 3440 quod
417 3360 538 3440 aunaru
556 3371 664 3439 partem
681 3359 875 3437 praediorum,
890 3358 944 3419 sed
957 3376 1010 3439 pro
1024 3377 1077 3438 ge·

91 3443 202 3504 statione
221 3462 369 3524 percurro.
395 3443 437 3503 Tu
455 3445 686 3506 consuetudinem
699 3443 1076 3520 servanobisquesicrusti-

91 3523 128 3581 cis
140 3528 240 3587 urbana
253 3537 316 3589 acta
330 3529 487 3606 perscribe.
520 3526 602 3588 Vale.
