2614 4104
218 293 280 359 276
643 293 676 355 G.
698 293 796 356 Pbllll

219 465 319 525 esses,
334 445 481 510 consulem
495 453 524 506 to
540 445 659 508 baberet
672 455 779 508 tantum
794 464 830 506 an
845 457 875 507 et
890 456 1068 523 senatorem,
1084 445 1143 506 boc
1154 463 1231 505 nunc

218 533 292 592 scito
319 533 460 592 interesse
486 531 645 609 principem
667 540 697 590 te
717 529 821 590 lrabeat
842 539 948 591 tantam
966 548 1001 590 aa
1017 539 1048 590 et
1068 529 1232 590 consulem.

218 613 269 675 llis
285 623 327 675 tat
347 617 488 693 tantisque
508 613 663 674 rationibus
678 631 845 692 quamquam
859 613 975 674 multum
988 611 1129 674 reluctata
1144 631 1233 674 vere·

220 697 321 760 cundia
342 699 479 775 principis
498 698 586 757 nostri
605 697 718 758 tandem
740 706 833 756 tamen
854 699 951 759 cessit.
978 697 1018 756 At
1044 695 1233 775 quemadmo-

220 782 284 842 dum
302 778 412 841 cessit?
435 778 500 840 Nou
514 799 547 841 se
562 790 593 841 ut
607 782 739 859 privatis,
760 779 814 840 sed
828 789 859 840 ut
873 783 999 857 privatos
1014 780 1069 840 sibi
1084 797 1175 858 pares
1191 779 1259 843 ia-5

220 873 310 927 cerat.
343 863 467 942 Recepit
488 865 563 922 cuim
578 865 691 924 tertium
706 863 901 942 consulatum,
927 874 958 924 ut
977 863 1067 923 daret.
1101 861 1234 924 Noverat

219 947 441 1008 moderationem
454 946 611 1023 bominum,
625 957 743 1007 noverat
754 946 908 1024 pudorem,
925 949 973 1026 qai
984 962 1041 1006 non
1052 949 1234 1007 sustinerent

219 1033 305 1092 tertio
322 1028 457 1092 consules
473 1047 540 1090 esse
557 1031 611 1090 nisi
628 1047 692 1090 cum
706 1041 751 1091 ter
766 1028 895 1093 consule.
928 1030 1074 1091 Bellorum
1089 1029 1170 1090 istud
1185 1046 1234 1090 so·

105 1181 109 1194 ,
220 1116 272 1175 ciis
287 1113 370 1189 olim,
396 1112 588 1192 periculorum
604 1114 803 1191 consortibus,
828 1131 916 1193 parce
930 1124 1024 1174 ιιιιιιιι
1037 1113 1232 1190 tribuebatur,

219 1197 296 1277 quad
314 1207 345 1258 tu
365 1196 554 1276 singularibus
575 1199 659 1274 uiris,
685 1215 720 1258 ac
735 1196 771 1256 de
787 1204 816 1257 te
832 1195 945 1276 quidem
959 1196 1034 1257 bene
1049 1215 1085 1257 ac
1101 1197 1278 1272 fortiter,1u

219 1281 272 1340 sed
288 1282 452 1360 praestitisti
467 1283 495 1340 ia
509 1288 577 1358 toga
591 1282 706 1341 meritis.
727 1279 881 1360 Utriusque
898 1299 975 1358 cura,
991 1283 1140 1360 utriusque
1156 1283 1234 1358 vigi·

219 1365 302 1426 lautia
319 1365 471 1426 obstrictus
487 1382 537 1439 es,
560 1363 675 1424 Caesar.
707 1362 765 1424 Sed
785 1365 813 1424 ia
828 1367 958 1443 principe
973 1381 1065 1424 rarum
1084 1381 1120 1424 ac
1134 1380 1233 1443 prope

219 1446 362 1508 insolitum
377 1457 423 1508 est
437 1457 468 1506 ut
483 1466 515 1506 se
531 1455 612 1525 putet
627 1446 794 1525 obligatum,
810 1457 856 1507 aut
872 1450 896 1508 si
911 1456 1003 1526 patet,
1019 1456 1104 1508 amat.
1127 1446 1233 1507 Debes

219 1547 307 1608 ergo,
324 1529 446 1606 Caesar,
462 1539 491 1590 et
507 1528 608 1591 solvis.
636 1530 695 1590 Sed
711 1549 775 1590 cum
790 1539 834 1592 ter
847 1531 983 1592 consules
998 1531 1087 1606 lacis,
1104 1547 1164 1592 nen
1178 1530 1232 1590 tibi

219 1631 337 1693 magnus
352 1615 504 1693 princeps,
519 1612 645 1674 sednon
660 1616 788 1692 ingratus
801 1617 909 1676 amicas
918 1614 1035 1674 videris.
1055 1613 1130 1686 Quia
1141 1616 1232 1676 etiam
1244 1627 1277 1677 15

219 1716 356 1778 perquam
368 1697 479 1758 modica
487 1698 624 1776 quaedam
637 1699 739 1757 civium
751 1700 849 1758 merita
860 1699 991 1760 fortunae
1002 1706 1068 1758 tuae
1080 1697 1191 1758 viribus
1202 1699 1233 1758 in

219 1785 308 1843 maius
324 1780 448 1843 extollis.
476 1780 576 1842 Ellicis
591 1783 709 1842 animat
724 1790 830 1842 tantuna
844 1783 895 1842 tibi
913 1784 1034 1861 quisque
1047 1783 1233 1860 praestitisse

219 1853 348 1925 videat'ur
358 1874 489 1945 quantum
502 1883 519 1925 a
534 1873 562 1926 te
576 1867 688 1944 recipit.
705 1863 781 1936 Quid
792 1867 839 1926 isti
854 1866 1020 1943 benignitati
1031 1861 1159 1944 precer?
1176 1867 1232 1924 nisi

220 1957 251 2008 ut
266 1967 381 2027 semper
395 1949 525 2027 obliges,
549 1947 702 2026 obligetis,
722 1949 1127 2028 incertumque'iaeiasatrum
1137 1950 1233 2026 magis
1297 1997 1298 2005 ι

169 2030 210 2094 61
224 2030 357 2110 expediet
371 2032 482 2092 civibus
495 2033 551 2091 tuis
562 2030 670 2092 debere
684 2033 735 2093 tibi
746 2050 781 2092 an
792 2035 980 2112 praestitisse.
997 2030 1140 2110 Equidem
1149 2030 1231 2091 illum
1241 2043 1275 2094 ιι

220 2115 364 2192 antiquum
379 2122 506 2173 senatum
522 2117 651 2174 contueri
664 2115 798 2192 videbar,
814 2132 878 2175 cum
888 2127 933 2177 ter
948 2114 1067 2177 consule
1079 2114 1232 2176 adsldente

220 2199 304 2258 tertio
317 2195 463 2258 consulem
474 2197 651 2276 designatam
661 2201 754 2276 rogari
766 2201 934 2261 sententiam
944 2216 1102 2260 cameram.
1126 2196 1232 2272 Quanti

221 2292 288 2343 tunc
304 2280 362 2358 illi,
380 2291 556 2361 quantusque
570 2281 616 2362 tu!
633 2282 748 2343 Accidit
763 2281 876 2361 quidem
890 2293 921 2344 ut
935 2300 1057 2362 corpora
1073 2282 1232 2362 quamlibet

221 2365 306 2427 ardua
320 2376 350 2427 et
365 2363 483 2426 excelsa
502 2365 715 2444 procerioribus
729 2366 840 2427 admota
854 2367 1040 2436 decrescant;
1062 2367 1131 2427 item
1144 2375 1177 2428 ut
1190 2365 1231 2426 al·

221 2451 348 2511 tissimus
365 2451 467 2510 civium
482 2449 633 2528 dignitates
647 2448 799 2511 collatione
810 2450 915 2528 lastigii
926 2452 965 2510 tui
978 2451 1057 2530 quasi
1070 2450 1230 2530 depriman-
1240 2460 1273 2512 ιι

221 2543 283 2611 ιιι,
314 2541 477 2614 quantoque
497 2535 616 2614 propius
643 2532 678 2592 ad
698 2533 917 2611 magnitudinem
939 2543 1015 2596 tuam
1035 2532 1230 2610 ascenderint,

221 2627 327 2678 tantum
339 2619 422 2678 etiam
434 2635 449 2676 a
460 2635 510 2678 sua
523 2616 708 2678 descendisse
723 2616 878 2678 videantur.
896 2615 964 2679 lllos
976 2629 1069 2679 tamen
1080 2627 1121 2692 tu,
1134 2634 1233 2696 qaam·
1296 2649 1297 2668 ι

222 2718 375 2844 didit
390 2702 505 2844 till
519 2701 1019 2865 {littttsititltudt
1031 2701 1232 2845 tillia·

223 2865 254 2928 si
274 2868 356 2925 unius
377 2869 491 2927 tertium
511 2868 688 2928 consulatum
710 2868 829 2930 cundem
851 2870 879 2928 in
894 2887 995 2928 annum
1008 2870 1037 2928 ia
1052 2873 1137 2947 quein
1151 2876 1274 2930 taum-⁹20

223 2947 411 3026 contulisses,
434 2951 556 3026 ingentis
570 2952 653 3011 animi
668 2954 817 3031 specimen
833 2951 995 3013 baberetur.
1022 2951 1060 3012 Ut
1076 2953 1150 3012 enim
1165 2950 1230 3012 ieli-

224 3035 315 3096 citatis
330 3043 375 3094 est
390 3041 521 3113 quactum
532 3033 606 3096 velis
618 3053 724 3115 posse,
739 3038 783 3096 sic
795 3035 994 3114 magnitudinis
1005 3034 1084 3096 velle
1096 3044 1231 3114 qnantum

223 3120 330 3198 possis.
355 3116 519 3179 laudandus
540 3120 654 3197 quidem
675 3129 705 3179 et
723 3119 773 3181 ille
789 3122 837 3199 qui
852 3121 964 3179 tertiam
979 3117 1156 3180 consulatum
1170 3136 1231 3180 me·

223 3205 295 3280 ruit,
318 3202 371 3263 scd
390 3203 480 3281 magis
502 3203 555 3262 sub
570 3220 627 3282 quo
642 3204 758 3265 meruit:
780 3220 897 3282 magnus
911 3202 1166 3282 memorandasque
1182 3205 1231 3282 qui
1295 3217 1296 3220 ’

223 3295 330 3347 tantam
344 3287 498 3366 praemium
514 3288 607 3366 cepit,
634 3285 687 3347 sed
707 3289 795 3347 maior
816 3288 864 3366 qui
886 3287 1008 3366 capienti
1023 3285 1109 3346 dedit.
1143 3283 1268 3364 Quam

223 3370 299 3449 quod
313 3369 385 3430 duos
400 3372 507 3449 pariter
521 3371 606 3432 tertio
622 3369 786 3448 consulatu,
802 3371 873 3432 duos
888 3368 1018 3449 collegas
1028 3371 1068 3430 tui
1080 3371 1230 3430 sanctitate

224 3449 386 3512 decorasti?
410 3463 441 3514 ιι
459 3455 496 3513 sit
518 3455 621 3513 nemini
636 3452 749 3512 dubium
763 3453 834 3514 banc
854 3454 905 3513 tibi
920 3455 1102 3534 praecipuam
1115 3470 1230 3514 ιιιιιιιι

224 3533 314 3592 luisse
330 3533 501 3594 extendendi
516 3535 680 3595 consulatus
696 3539 752 3614 tui,
768 3546 799 3596 ut
811 3535 928 3596 duorum
943 3535 1107 3598 consulatus
1121 3535 1229 3614 ample·
