2616 4096
330 294 597 358 EPISTULARUM
610 296 700 357 vllll.
721 305 765 359 al.
780 307 881 362 abab.
1047 297 1109 362 189

111 448 157 526 qui
174 465 227 526 per
240 447 335 507 lunam
346 449 375 508 in
389 466 496 510 summa
510 450 636 509 nituntur
649 458 768 527 quantos
780 448 892 510 soleant
908 451 1035 510 exultare
1050 449 1108 511 ela-

110 548 218 607 mores‚
243 549 306 589 oum
323 534 377 592 iam
397 534 508 610 iamque
531 535 624 592 oasuri
642 532 781 593 videntur
815 531 886 592 Sunt
900 535 975 593 enim
990 536 1136 598 maxime4

110 613 244 674 mirabilia
265 631 337 692 quae
354 617 472 675 maxime
497 617 655 696 insperata,
679 619 798 676 maxime
819 616 998 695 periculosa,
1020 626 1109 696 utque

111 695 209 758 Graeci
225 699 314 774 magis
326 701 495 778 exprimunt,
509 693 693 778 παράβολα,
716 699 786 760 Ideo
804 718 981 779 nequaquam
996 719 1047 779 par
1057 719 1109 778 gu·

86 781 265 844 oberratoris
280 784 439 858 estuirtus,
454 800 518 842 uum
530 781 642 862 plaoido
658 793 687 844 et
703 801 767 842 oum
777 784 890 844 turbato
901 785 969 843 mari
980 783 1108 844 rebitur:

109 872 174 924 tune
189 865 345 926 admirante
362 865 442 926 nullo
462 865 619 927 inlaudatus
637 866 812 944 ingloriosus
829 868 907 927 subit
921 877 1049 947 portum;
1074 867 1109 927 ad

110 966 170 1008 oum
180 948 303 1008 stridunt
313 948 408 1026 funes,
425 959 556 1010 uurvatur
570 951 673 1027 arbor,
686 951 880 1028 gubernacula
894 961 1026 1030 gemunt,
1041 961 1109 1012 tuno

107 1031 155 1091 ille
173 1031 269 1094 olarus
286 1041 315 1092 et
329 1033 373 1094 dis
388 1035 472 1094 maris
488 1036 640 1112 proximus.
663 1033 753 1113 Haeo,
770 1036 836 1113 quia
850 1037 929 1097 maus
947 1054 980 1097 es
994 1035 1060 1096 mibi
1080 1037 1135 1102 ins

108 1117 221 1192 seriptis
237 1118 310 1176 meis
324 1116 626 1195 adnotassequaedarn
642 1129 672 1179 ut
685 1118 790 1178 tumida
807 1136 879 1196 quae
895 1134 953 1197 ego
967 1118 1108 1194 sublimia,

75 1203 136 1258 tout
150 1200 271 1278 inproba
287 1217 359 1278 quae
381 1218 437 1277 ego
451 1201 599 1277 audentia,
620 1211 651 1262 ut
670 1203 753 1262 nimia
774 1219 846 1279 quae
864 1219 920 1278 ego
935 1201 1021 1279 plena
1035 1202 1109 1261 arbi·

107 1283 206 1342 trabar.
242 1283 393 1344 Plurimum
409 1294 503 1344 autem
521 1285 611 1345 reiert
629 1284 864 1364 reprehendenda
880 1285 999 1346 adnotes
1018 1303 1054 1344 an
1068 1287 1109 1343 in-

108 1367 205 1442 signia.
230 1367 328 1428 Omnis
342 1369 416 1427 enim
429 1368 550 1429 advertit
564 1368 640 1446 quod
655 1371 760 1432 eminet
775 1376 804 1428 et
819 1377 910 1436 extat:
926 1367 978 1429 sed
992 1369 1051 1427 aori
1067 1369 1136 1436 ine

108 1452 231 1512 tentione
245 1451 454 1511 diiudicandum
476 1461 521 1512 est
541 1451 711 1513 inmodicum
732 1455 768 1514 sit
783 1469 818 1512 arr
833 1452 958 1529 grande,
974 1451 1060 1512 altum
1074 1468 1110 1511 arr

108 1550 232 1595 enorme.
261 1534 364 1614 Adque
381 1545 412 1596 ut
426 1533 579 1596 Homerum
592 1537 770 1616 potissimum
784 1539 926 1614 attingam,
946 1553 1031 1614 quem
1050 1544 1110 1596 tau·

75 1623 102 1676 15
109 1616 171 1677 dem
187 1617 352 1680 alterutram
371 1622 400 1679 in
416 1629 525 1698 partem
539 1629 637 1698 potest
651 1620 754 1698 lugere
773 1611 859 1698 ἀμφὶ
875 1614 912 1680 δὲ
930 1614 1110 1698 σάλπιγξεν

109 1695 206 1779 μέγας
219 1694 381 1782 οὐρανός·
394 1693 467 1803 ἠέρι
480 1694 512 1762 δ’
527 1703 622 1782 ἔγχος
633 1695 780 1765 ἐκέκλιτο
798 1713 828 1764 et
841 1711 930 1763 totum
943 1701 1012 1762 illud
1029 1693 1109 1761 οὔτε

109 1778 282 1864 θαλάσσης
299 1786 389 1865 κῦμα
407 1798 508 1847 τοσον
525 1781 633 1869 duola?
658 1786 716 1849 Sed
738 1805 811 1866 opus
828 1795 874 1847 est
888 1787 1016 1846 examine
1032 1794 1062 1844 et
1075 1785 1135 1850 li=⁷

110 1867 172 1943 bra,
195 1869 311 1949 inquid,
334 1870 512 1932 incredibilia
532 1873 588 1931 sint
610 1871 681 1930 haee
702 1880 732 1931 et
748 1871 838 1930 inania
858 1887 892 1929 an
913 1869 1060 1946 magnilica
1081 1878 1110 1929 et

111 1952 255 2013 caelestia.
286 1952 350 2014 Nee
368 1972 444 2014 nuno
463 1972 518 2031 ego
535 1973 580 2014 me
601 1955 644 2014 his
659 1953 759 2015 similia
779 1963 826 2014 aut
841 1953 946 2014 dixisse
960 1960 1007 2012 aut
1021 1970 1110 2031 posse

74 2033 204 2098 iodioere
218 2045 299 2116 puto.
327 2037 390 2098 Non
402 2040 441 2099 ita
457 2040 578 2106 insanio;
599 2039 651 2098 sed
666 2039 722 2098 hoe
736 2037 865 2115 intellegi
881 2036 961 2114 volo,
976 2035 1110 2096 laxandos

111 2136 174 2180 esse
189 2121 372 2199 eloquentiae
388 2122 485 2182 frenos
499 2139 553 2181 nee
570 2125 770 2201 angustissimo
786 2139 858 2200 gyro
873 2121 1051 2199 ingeniorum
1060 2121 1110 2179 im·

110 2213 190 2282 petus
205 2205 416 2283 refringendos.
443 2205 489 2265 Ad
508 2205 648 2266 animalia
664 2206 788 2267 conditio
802 2214 956 2280 oratorum,
972 2203 1026 2265 alia
1039 2208 1137 2282 poe-8

109 2295 204 2349 tarum
226 2289 315 2362 Quasi
333 2307 405 2350 vero
418 2288 457 2349 m.
474 2288 584 2350 Tullius
601 2292 693 2351 minus
714 2289 825 2349 audeat.
847 2287 1019 2367 Quamquam
1035 2286 1110 2346 hune

112 2374 221 2433 omino:
237 2377 419 2452 nequeenim
433 2373 537 2450 ambigi
552 2382 630 2451 puto.
657 2372 715 2433 Sed
732 2372 943 2433 Demosthenes
960 2374 1041 2448 ipse,
1059 2367 1111 2429 ille

75 2457 203 2517 tinorum
221 2459 343 2518 oratoris
361 2467 391 2518 et
405 2457 521 2534 regula,
542 2475 607 2517 uum
628 2474 661 2518 se
680 2455 796 2518 eobibet
816 2466 845 2517 et
861 2454 1027 2535 conprimit,
1046 2469 1110 2512 eum

111 2537 175 2600 dieit
189 2543 339 2602 notissima
356 2541 405 2600 illa
422 2533 601 2619 άνθρωιιοι
619 2535 733 2619 μιαροὶ
749 2535 805 2600 καὶ
816 2533 956 2609 κόλακες
968 2531 1024 2597 καὶ
1034 2527 1111 2596 άλά-

111 2633 233 2704 στορες,
246 2633 277 2686 et
289 2643 387 2686 rursus
403 2616 445 2685 οὐ
464 2625 574 2696 λίθοις
587 2615 729 2702 ἐτείχισα
740 2614 803 2702 τὴν
814 2616 916 2685 πόλιν
926 2610 1008 2681 οὐδὲ
1019 2619 1111 2680 πλίν-

111 2708 184 2779 θοις
195 2699 274 2786 ἐγώ,
283 2717 312 2768 et
323 2711 417 2770 statim
428 2699 492 2769 οὐκ
505 2699 542 2769 ἐκ
553 2700 614 2786 μὲν
625 2698 793 2784 θαλάττης
801 2695 1023 2786 τηνΕάβοιαν
1033 2721 1112 2784 προ·

113 2786 272 2867 βαλέσθαι
285 2783 420 2872 πρὸτῆς
433 2783 596 2869 Ἀττικῆςς
618 2800 648 2852 et
661 2791 728 2852 alibi
744 2781 809 2869 ἐγὼ
819 2839 820 2842 ,
829 2782 866 2851 dl
882 2781 973 2868 οἶμαι
985 2780 1062 2867 μὲν,
1084 2771 1112 2848 οἷ

76 2873 106 2928 io
114 2863 231 2953 ἄνδρες
241 2865 428 2956 Ἀθηναῖοι,
440 2868 484 2954 νὴ
493 2868 575 2948 τούς
585 2866 690 2947 θεοὺς
701 2865 833 2936 ἐκεῖνον
845 2867 989 2952 μεθύειν
1000 2872 1045 2955 τῷ
1057 2891 1111 2950 με·

112 2951 202 3032 γέθει
219 2959 289 3019 τῶν
306 2956 571 3039 ιιετιραγμένοινῗ
592 2959 650 3020 Iam
665 2958 732 3039 quid
744 2958 893 3020 audentius
909 2957 961 3018 illo
977 2955 1137 3037 pulcher-9

113 3042 179 3101 rimo
195 3061 319 3104 excessu
334 3038 465 3122 νόσημα
476 3035 562 3122 yolo?
583 3042 659 3117 Quid
673 3044 756 3121 baeu,
770 3044 902 3104 breuiora
915 3040 1111 3122 superioribus

114 3124 163 3184 sed
173 3126 288 3187 audaeia
303 3125 401 3206 paria?
421 3119 496 3189 τότε
513 3116 578 3205 ἐγώ
597 3121 660 3206 μέν
676 3127 722 3211 τῷ
739 3118 886 3188 Πύθωνι
901 3117 1111 3201 θρασυνομέ-

114 3224 159 3288 νῳ
176 3205 232 3270 καὶ
248 3210 360 3294 πολλῷ
376 3206 486 3292 ῥέοντι
501 3201 583 3272 καθ’
603 3201 710 3290 ὑμῶν.
733 3208 779 3270 llx
791 3208 891 3270 eadem
901 3216 969 3267 nota
981 3198 1063 3266 ὅταν
1074 3197 1112 3266 dl

78 3279 151 3350 θοέιι
168 3292 357 3393 τίλεονεξίας
372 3288 427 3354 καλ
444 3291 605 3394 πονηρίας
622 3314 672 3366 τις
690 3284 803 3371 ὥσπερ
821 3276 920 3390 odron
937 3280 1072 3388 ξσχάση,
1090 3279 1111 3366 ἡ

115 3371 1113 3540 ἷέέέάιῖέῖέέῗέ·ιἔῗάέλξῖἰζιῗῖάῖέῖοἶάῖιὶῖέῖέιξαέέῖἦ

117 3533 207 3603 πόλει
219 3541 359 3617 δικαίοις
376 3555 406 3606 οι
420 3545 526 3605 ibidem
539 3536 582 3605 σύ
594 3536 655 3606 τὸν
665 3542 712 3617 είς
722 3541 827 3604 ταῦτα
839 3539 934 3602 ἔλεον
945 3535 1111 3619 προδέδω-
