2616 4096
222 197 228 214 “
308 209 572 271 EPISTULARUM
585 213 963 293 sc.-sa.[⁵s.-er.1n.]
1067 213 1129 276 215

123 363 245 442 templo,
263 363 387 440 cognovi
401 361 486 423 alium
496 363 543 424 bic
557 361 642 424 alium
655 362 730 442 apud
741 381 795 424 nos
812 381 879 424 esse
893 382 1000 424 morem
1017 365 1129 428 dedica·

123 450 220 510 tionis.
252 447 371 526 Dispice
393 464 483 524 ergo,
503 447 633 525 domine,
651 465 687 506 an
707 456 792 525 putes
812 446 913 508 aedem
928 449 973 508 cui
988 447 1064 510 nulla
1081 449 1130 512 lex

125 533 200 594 dicta
215 541 260 593 est
275 531 353 592 salva
366 529 506 609 religione
522 549 611 610 posse
631 531 792 591 transferri:
814 529 919 610 alioqui
934 533 1129 595 commodissi-

123 635 199 676 mum
215 624 270 693 est,
287 617 311 674 si
326 613 429 692 religio
444 633 500 675 non
514 614 631 696 inpedit.

535 747 567 808 ι.
587 745 723 828 [mun]

460 849 626 902 TRAIANUS
644 851 748 902 PLINIO
767 851 794 902 S.

145 943 153 954 ’
187 952 291 1030 Potes,
307 955 345 1013 mi
357 952 489 1014 Secunde
504 955 667 1031 carissime,
686 955 747 1013 sine
766 951 956 1015 sollicitudine
967 952 1126 1031 religionis,

125 1037 150 1097 si
171 1035 229 1096 loci
251 1037 355 1113 positio
376 1037 489 1098 videtur
513 1036 570 1097 boc
591 1036 771 1114 desiderare,
798 1037 900 1098 aedem
924 1035 1022 1099 Matris
1044 1037 1128 1098 deum

79 1120 279 1188 lotranslerre
301 1122 329 1180 in
350 1139 412 1182 eam
432 1139 505 1200 qnae
534 1131 579 1182 est
603 1121 856 1190 accommodatior;
880 1130 990 1182 necte
1014 1131 1128 1182 moveat

125 1205 203 1284 quod
218 1205 266 1264 lex
287 1203 471 1266 dedicationis
486 1203 563 1265 nulla
582 1204 742 1282 reperitur,
764 1224 829 1266 cum
849 1203 941 1266 solum
957 1206 1127 1284 peregrinae

125 1289 246 1350 civitatis
262 1306 352 1368 capax
364 1307 421 1349 non
438 1291 474 1350 sit
491 1289 675 1349 dedicationis
691 1306 763 1366 quae
777 1289 806 1349 iit
821 1297 920 1350 nostro
936 1290 1007 1348 iure.

553 1421 598 1482 ιι.
622 1421 709 1501 [ιιι]

344 1518 373 1574 G.
391 1517 515 1571 PLINIUS
533 1519 676 1570 TRAIANO
695 1519 902 1571 IMPERATORI.

188 1623 313 1684 Diliicile
331 1633 387 1702 est,
403 1623 533 1701 domine,
550 1626 712 1701 exprimere
727 1624 825 1684 verbis
840 1633 970 1703 quantam
986 1642 1153 1703 percepe·1

123 1709 177 1767 rim
191 1706 343 1786 laetitiam,
365 1707 442 1788 quod
462 1707 574 1768 etmihi
593 1717 622 1769 et
645 1709 741 1769 socrui
756 1725 837 1768 meae
855 1709 1021 1785 praestitisti
1036 1716 1067 1766 ut
1080 1707 1128 1767 ad·

124 1793 210 1852 linem
221 1794 284 1853 eius
296 1789 423 1853 (laelium
439 1790 616 1852 Clementem
629 1794 658 1851 in
672 1791 746 1852 banc
760 1792 935 1870 provinciam
946 1791 1128 1853 transferres.

122 1875 169 1934 Ex
179 1874 231 1936 illo
248 1876 321 1936 enim
336 1877 388 1954 [et]
404 1891 563 1936 mensuram
574 1876 707 1936 beneficii
718 1876 758 1936 tui
771 1877 885 1954 penitus
895 1873 1047 1954 intellego,
1066 1892 1156 1943 cumn

80 1968 181 2032 potam
194 1958 308 2039 plenam
324 1959 526 2038 indulgentiam
540 1978 604 2020 cum
619 1969 677 2019 tota
689 1959 773 2020 domo
790 1977 854 2020 mea
869 1960 1010 2038 experiar,
1027 1961 1073 2021 cui
1083 1977 1129 2020 re·

123 2043 202 2104 ferre
217 2045 334 2121 gratiam
348 2061 445 2121 parem
458 2062 495 2104 ne
510 2043 602 2104 audeo
617 2043 748 2122 quidem,
772 2045 900 2123 quamvis
920 2044 1041 2104 maxime
1061 2061 1129 2123 pos·

124 2130 187 2189 sim.
217 2126 317 2207 ltaque
336 2128 372 2188 ad
393 2137 460 2188 vota
481 2127 616 2205 coniugio
640 2127 769 2206 deosque
791 2145 896 2206 precor
916 2138 948 2189 ut
963 2129 998 2189 iis
1013 2145 1086 2207 quae
1102 2129 1130 2186 iu

123 2228 171 2271 me
182 2212 300 2273 adsidue
318 2212 433 2274 coniers
446 2229 503 2271 non
518 2211 649 2289 indignus
664 2213 819 2272 existimer.

473 2397 476 2402 ,
564 2343 601 2404 ll.
684 2389 691 2404 .

344 2441 372 2494 G.
388 2443 514 2495 PLINIUS
530 2343 683 2495 ddamddd
692 2345 905 2495 dMPERATORI.

187 2546 288 2624 Diem,
320 2543 449 2623 domine,
482 2563 539 2624 quo
564 2547 685 2607 servasti
709 2545 875 2624 imperium,
902 2542 966 2602 dum
991 2542 1128 2620 suscipis,

126 2639 229 2708 quanta
243 2631 363 2689 mereris
378 2628 484 2691 laetitia
500 2628 719 2706 celebravimus,
732 2629 842 2707 precati
857 2627 928 2688 deos
943 2635 973 2686 ut
988 2635 1017 2686 te
1029 2627 1130 2704 generi

125 2713 257 2791 humano,
273 2715 355 2774 cuins
370 2713 459 2774 tutela
474 2724 503 2774 et
514 2715 654 2776 securitas
668 2711 752 2774 saluti
765 2721 830 2773 tuae
844 2713 935 2772 innisa
949 2719 1005 2786 est,
1020 2707 1130 2770 incolu-

81 2814 202 2870 eornem
218 2803 424 2876 florentemque
438 2807 625 2878 praestarent.
660 2796 832 2857 Praeivimus
847 2805 877 2857 et
891 2792 1129 2856 commilitonibus

124 2880 335 2942 iusiurandum
354 2897 434 2942 more
459 2880 607 2960 sollemni,
634 2880 734 2942 cadem
756 2879 979 2960 provincialibus
1003 2879 1131 2940 certatim

124 2967 232 3043 pietate
246 2965 410 3025 iurantibus.

97 715 117 766 ⁵

80 1564 115 1618 15

80 2393 116 2446 25

535 3097 608 3160 uu.
629 3097 722 3178 [ιιι]

83 3231 119 3286 35
460 3197 623 3250 TRAIANUS
640 3197 746 3250 ummo
766 3197 793 3252 S.

187 3302 297 3377 Quanta
318 3302 460 3381 religione
481 3313 510 3364 et
525 3302 634 3365 laetitia
647 3301 855 3363 commilitones
871 3315 935 3359 cunr
950 3295 1131 3376 provinciali-

124 3387 180 3449 bus
196 3397 226 3449 te
243 3397 399 3467 praeeunte
421 3388 496 3449 diem
511 3388 621 3466 imperii
640 3387 697 3446 mei
710 3383 919 3445 celebraverint
934 3380 1074 3459 libenter,
1095 3382 1132 3442 ni

125 3468 261 3533 Secunde
275 3472 431 3549 carissime,
452 3473 577 3551 cognovi
591 3469 694 3531 litteris
709 3469 775 3529 tuis.
