2614 4104
395 303 660 368 PANEGYRIGUS
674 316 717 370 56.
731 315 774 370 57.
1022 308 1094 372 273·

78 459 170 520 lacios
189 467 219 518 et
239 455 364 518 amabilis
383 456 477 518 uultus
495 459 523 517 in
543 460 664 517 omniunt
688 459 789 518 civium
815 476 865 520 ore
887 458 979 520 oeulis
992 461 1084 522 animo

78 542 172 604 sedet.
459 581 460 584 =

139 624 303 686 Adnotasse
323 642 377 684 vos
401 624 507 701 credo,
533 635 630 702 patres
651 628 823 706 conscripti,
851 625 1023 687 iamdudum
1037 645 1083 688 me
1095 620 1136 684 56

77 727 134 770 uon
154 709 265 787 eligere
285 726 358 787 quae
377 708 509 768 referam.
536 708 716 788 Propositum
735 719 781 771 est
798 711 872 770 enim
894 710 960 770 mibi
979 710 1084 790 princi·

50 807 142 873 opem
161 791 292 869 laudare,
315 809 371 852 non
389 793 526 870 principis
541 792 624 852 lacta.
651 790 722 854 llam
735 793 884 854 laudabilia
898 793 985 855 multa
1001 796 1084 854 etiam

76 876 143 937 mali
158 878 281 952 iaciunt,
302 878 365 955 ipse
381 875 485 935 laudari
499 877 553 936 uisi
569 879 692 956 optimus
706 894 763 938 non
783 886 890 956 potest.
917 876 1013 950 Quare
1027 895 1084 938 non

75 961 132 1022 alia
145 963 250 1038 maior,
266 964 419 1039 imperator
432 968 570 1038 auguste,
584 960 676 1038 gloria
692 971 739 1022 tua
752 979 835 1040 quam
847 961 923 1040 quod
933 961 1084 1039 agentibus

76 1045 128 1105 tibi
142 1046 248 1122 gratias
262 1043 330 1103 nihil
346 1042 496 1104 velandum
511 1054 556 1104 est
566 1088 575 1121 ,
587 1044 655 1104 nihil
673 1045 856 1105 omittendum
871 1054 926 1106 est.
949 1044 1023 1119 Quid
1038 1055 1083 1108 est

75 1130 153 1190 euim
167 1129 195 1188 in
210 1129 368 1207 principatu
382 1137 432 1187 tuo
447 1126 524 1206 quod
539 1131 703 1207 cuiusquam
718 1129 893 1207 praedicatio
904 1128 953 1189 vel
967 1132 1083 1191 transsi-

37 1212 131 1278 iolire
151 1211 200 1272 vel
221 1211 402 1289 praetervehi
425 1209 549 1272 debeat?
585 1210 668 1285 Quod
688 1221 877 1289 momentum,
902 1213 978 1290 quod
1000 1215 1084 1272 immo

75 1298 215 1375 temporis
230 1305 364 1374 punctum
375 1304 423 1356 aut
435 1295 577 1356 benelicio
595 1295 694 1356 sterile
708 1305 755 1356 aut
769 1311 889 1356 uacuum
900 1293 1005 1357 laude?
1019 1294 1084 1356 Non

76 1381 171 1442 omnia
185 1379 337 1440 eiusmodi
352 1389 382 1439 ut
397 1381 420 1440 is
438 1381 544 1458 optime
559 1388 588 1446 te
603 1379 736 1442 laudasse
749 1380 878 1440 uideatur
892 1381 940 1459 qui
953 1397 1084 1440 narrave-

74 1467 113 1525 rit
126 1461 313 1524 fidelissime?
335 1461 399 1536 Quo
414 1463 444 1523 lit
461 1472 492 1522 ut
507 1481 599 1542 prope
614 1467 642 1524 in
659 1466 817 1526 inmensum
831 1463 1001 1524 dilluudatur
1020 1481 1083 1524 ora·

74 1551 115 1610 tio
135 1565 216 1624 mea,
244 1556 273 1608 et
293 1547 414 1607 necdum
430 1547 466 1607 do
481 1547 594 1608 biennio
609 1547 721 1626 loquor.
758 1547 849 1622 Quam
864 1547 951 1608 multa
970 1547 1029 1608 dixi
1048 1549 1083 1609 de

34 1631 289 1707 renumeratione,
320 1638 349 1690 et
370 1641 475 1710 quanto
497 1631 578 1711 plura
598 1631 691 1693 adbuc
712 1631 836 1692 restant!
864 1641 895 1691 ut
914 1630 984 1691 illud
1008 1631 1083 1710 quod

74 1715 234 1777 secundum
254 1713 431 1776 consulatum
448 1717 602 1794 recepisti,
626 1718 691 1794 quia
711 1717 847 1794 princeps
863 1724 892 1775 et
906 1724 988 1793 pater
1002 1715 1083 1776 dele·

74 1800 167 1861 rebat.
193 1799 230 1860 ht
246 1807 395 1878 postquam
409 1799 445 1859 ad
460 1808 489 1859 te
504 1801 614 1878 imperii
628 1815 763 1860 summam
778 1807 807 1858 et
822 1815 886 1859 cum
901 1802 1023 1858 omnium
1037 1817 1082 1858 re·

73 1902 137 1944 rum
151 1893 209 1943 tum
226 1885 309 1943 etiarn
325 1885 364 1942 tui
379 1892 552 1962 potestatem
563 1882 602 1944 dli
618 1883 837 1959 transtulerunt,
853 1885 967 1942 tertium
978 1900 1082 1944 cousu-

75 1968 166 2028 latum
179 1967 338 2045 recusasti,
354 1984 418 2026 cunr
428 1985 516 2045 agere
532 1975 587 2027 tam
600 1968 705 2028 bouum
720 1966 868 2026 consulem
881 1984 996 2046 posses.
1024 1966 1083 2028 lla·

32 2064 162 2131 bognum
182 2060 228 2112 est
243 2050 357 2111 dillerre
372 2051 526 2129 honorem,
550 2051 671 2129 gloriam
685 2053 783 2112 maius.
819 2048 937 2112 Gestum
953 2051 1083 2112 consula·

73 2147 135 2197 tum
150 2137 236 2195 mirer
256 2153 290 2196 au
311 2151 367 2195 nou
380 2134 551 2214 receptum?
577 2144 690 2214 gestum
704 2153 760 2196 nou
775 2137 802 2195 iu
816 2136 874 2196 hoc
888 2137 966 2196 urbis
981 2137 1039 2197 otio
1055 2144 1084 2196 et

74 2221 172 2281 intimo
193 2220 256 2280 sinu
273 2219 370 2298 pacis,
393 2218 445 2280 sed
459 2221 536 2280 iuxta
549 2221 682 2294 barbaras
696 2228 820 2297 gentes,
837 2228 868 2279 ut
889 2219 931 2278 illi
951 2219 1083 2280 solebant

75 2305 179 2383 quibus
200 2312 261 2363 erat
279 2305 366 2364 moris
385 2302 586 2382 paludamento
603 2312 709 2363 mutare
723 2310 898 2382 praetextam
913 2305 1083 2381 ignotasque

74 2398 167 2449 terras
182 2389 303 2447 victoria
316 2389 410 2467 sequi.
438 2386 590 2448 Pulchrum
603 2389 739 2467 imperio,
761 2384 918 2464 gloriosum
931 2387 999 2463 tibi,
1018 2403 1083 2447 uum

32 2483 65 2535 25
74 2482 106 2533 te
121 2473 193 2532 socii
207 2479 293 2549 atque
305 2473 386 2532 amici
399 2489 450 2532 sua
464 2473 608 2551 lupatria,
625 2473 684 2536 suis
700 2470 856 2532 insedibus
871 2471 1009 2531 adierunt.
1024 2469 1083 2530 Da·

75 2573 146 2617 cora
161 2555 269 2632 iacies,
287 2554 415 2616 consulis
431 2554 518 2617 multa
533 2564 600 2635 post
614 2554 730 2616 saeculo
742 2554 864 2616 tribuual
875 2556 957 2615 viridi
969 2557 1083 2634 cespite

75 2648 236 2700 extructum
256 2657 312 2700 nec
331 2639 450 2702 fascium
473 2649 577 2700 tantum
595 2638 649 2700 sed
668 2638 791 2719 pilorum
812 2641 1015 2719 signorumque
1031 2639 1083 2698 bo·

74 2740 147 2784 nore
171 2723 382 2784 circumdatum.
415 2724 567 2802 Augebaut
583 2725 757 2786 maiestatem
772 2722 962 2803 praesidentis
977 2723 1082 2784 diversi

74 2805 279 2887 postulantium
293 2808 405 2869 babitus
420 2826 454 2885 ac
468 2807 601 2869 dissonae
615 2825 705 2868 voces
717 2825 836 2886 raraque
851 2809 914 2868 sine
925 2809 1084 2888 interprete

31 2893 180 2956 bboratio.
206 2890 387 2969 blaguilicum
407 2900 453 2953 est
474 2893 584 2954 civibus
606 2893 683 2969 iura,
706 2890 775 2972 quid
793 2891 925 2954 hostibus
939 2890 1084 2954 reddere?

74 2976 243 3054 speciosum
261 2985 367 3035 certam
382 2976 437 3036 lori
453 2994 570 3054 pacem,
588 2976 655 3054 quid
669 2978 796 3036 inmanes
815 2993 931 3056 campos
947 2976 1020 3038 sella
1035 2995 1084 3037 cu·

73 3059 131 3120 ruli
152 3061 329 3138 victorisque
357 3062 481 3138 vestigio
503 3076 652 3138 premere,
679 3063 816 3120 inminere
836 3060 993 3120 minacibus
1013 3061 1082 3138 ripis

74 3152 166 3204 tutum
187 3143 387 3221 quietumque,
413 3162 552 3224 spernere
573 3145 709 3205 barbaros
724 3145 870 3220 fremitus,
890 3142 1082 3221 hostilemque

75 3237 217 3288 terrorem
231 3245 287 3287 non
302 3244 443 3287 armorum
457 3231 548 3305 magis
563 3246 646 3308 quarn
663 3238 792 3307 togarum
807 3227 997 3286 ostentatione
1014 3243 1082 3286 con·

31 3319 66 3374 35
77 3308 224 3390 poscere?
245 3309 345 3390 ltaque
360 3329 416 3372 non
429 3320 458 3371 te
476 3311 550 3388 apud
564 3315 720 3390 imagines,
735 3309 787 3374 sed
798 3313 892 3388 ipsum
902 3320 1082 3389 praesentem

74 3394 295 3474 audientemque
311 3395 524 3457 consalutabaut
537 3398 747 3476 imperatorem,
761 3411 932 3471 nomenque,
949 3394 1024 3472 quod
1037 3393 1084 3453 alii

75 3477 190 3540 domitis
204 3479 352 3558 hostibus,
367 3489 398 3540 tu
413 3483 584 3558 contemptis
599 3481 756 3540 merebare.

119 3560 294 3706 ΡΗαοιέΙαιιε
309 3565 366 3624 acti
380 3564 557 3632 consulatus:
574 3564 623 3624 illa
634 3551 709 3625 dila'ti
721 3561 798 3644 quod
808 3561 901 3708 adlpqc
912 3562 991 3622 initio
1005 3563 1082 3642 prin·
1093 3557 1133 3622 57

141 3667 192 3705 Llill
231 3668 256 3707 P·
