2632 4102
394 303 657 366 EPISTULARUM
672 305 709 367 11.
733 319 775 370 la.
1046 307 1087 371 33

89 455 201 518 (lomuti
223 459 388 520 sententiam
410 459 452 518 ira
475 468 641 536 coeperunt.
675 458 744 517 Tum
765 457 806 518 illi
829 461 925 538 quise
947 457 1086 538 collegae

87 540 259 601 adnumerari
275 542 453 619 patiebantur
472 543 501 600 iu
518 542 660 603 diversum
675 543 861 620 transierunt,
888 540 1010 622 Collega
1025 562 1087 604 cum

87 626 183 702 paucis
197 623 327 686 relictus.
348 623 466 687 llultum
478 634 580 704 postea
591 625 627 686 de
637 624 830 704 inpulsoribus
843 627 913 705 suis,
932 629 1087 706 praecipue

87 708 121 768 de
134 707 261 787 Regulo,
276 719 395 787 questus
410 719 466 787 est,
483 711 530 787 qui
542 728 574 769 se
589 711 617 768 in
633 710 772 770 sententia
785 727 867 788 quam
880 711 945 788 ipse
962 709 1087 772 dictave·

64 801 124 852 orat
145 791 331 854 desemisset.
362 791 414 853 Est
434 791 540 871 alioqui
561 789 676 870 Regulo
693 799 748 853 tam
768 792 873 854 mobile
894 795 1037 873 ingenium
1057 804 1088 854 ut

84 875 232 954 plurimum
246 875 364 953 audeat,
386 875 536 954 plurimum
556 877 661 937 timeat.
694 876 748 938 Hic
764 878 827 938 finis
844 879 1014 956 cognitionis
1030 891 1129 943 ειη-23

84 958 236 1037 piissimae.
268 960 406 1038 Superest
427 969 520 1020 tamen
538 953 748 1040 lecuoilpycov
766 979 823 1022 non
843 959 928 1039 leve,
950 962 1087 1024 Hostilius

84 1041 237 1120 Firminus,
260 1043 371 1121 legatus
388 1041 458 1102 llari
479 1042 585 1121 Prisci,
610 1045 657 1122 qui
671 1045 828 1124 permixtus
845 1063 948 1107 causae
963 1049 1088 1124 graviter

82 1124 325 1205 uehementerque
336 1135 454 1188 vexatus
467 1136 521 1186 est.
541 1125 611 1186 Nam
626 1137 655 1187 et
669 1129 823 1189 rationibus
837 1128 970 1190 Marciani
986 1139 1015 1192 et
1027 1149 1088 1192 ser-

47 1223 165 1274 lomoua
181 1228 268 1288 quem
284 1208 333 1270 ille
352 1209 488 1271 habuerat
499 1212 527 1270 in
539 1210 637 1271 ordine
648 1210 858 1291 Leptitanorum
875 1231 990 1292 operam
1010 1233 1087 1276 suam

84 1292 180 1354 Prisco
195 1293 231 1353 ad
247 1294 438 1373 turpissimum
452 1295 636 1355 ministerium
654 1294 863 1374 commodasse,
880 1296 1087 1376 stipulatusque

83 1376 118 1436 de
138 1376 286 1438 Marciano
302 1378 501 1456 quinquaginta
517 1377 591 1437 milia
614 1379 790 1439 denariorum
807 1380 995 1459 probabatur,
1022 1384 1087 1458 ipsc

83 1469 231 1537 praeterea
252 1463 404 1540 accepisse
420 1463 553 1522 sestertia
574 1461 675 1523 decem
689 1463 774 1542 milia,
790 1462 956 1524 foedissimo
974 1463 1087 1542 quidem

83 1543 180 1622 titulo,
204 1547 318 1604 nomine
340 1547 535 1623 unguentarii,
558 1547 605 1624 qui
626 1545 724 1607 titulus
740 1566 756 1606 a
771 1549 828 1607 vita
842 1547 962 1609 bominis
982 1550 1086 1627 compti

48 1636 77 1686 15
86 1646 197 1706 semper
212 1638 243 1689 et
261 1630 393 1707 pumicati
407 1646 464 1688 non
479 1628 657 1691 abhorrebat.
681 1629 789 1692 Placuit
806 1640 944 1691 censente
960 1629 1129 1694 Gomutoal

84 1712 182 1772 referri
198 1712 236 1772 do
254 1729 290 1773 eo
308 1714 437 1791 proximo
454 1720 569 1773 senatu:
586 1721 654 1775 tunc
668 1716 754 1792 euim,
773 1732 840 1775 casu
851 1732 886 1774 an
899 1717 1085 1793 conscientia,

85 1795 198 1858 aiuemt.
222 1795 319 1856 llabes
330 1814 378 1856 res
394 1797 529 1865 urbanas;
551 1798 675 1857 invicem
689 1801 810 1860 rusticas
827 1799 938 1859 scribe:
960 1799 1027 1877 quid
1042 1812 1128 1862 ar-ao

33 1923 39 1934 .
87 1879 219 1940 busculae
236 1888 313 1956 tuae,
333 1879 399 1958 quid
414 1881 527 1957 vineae,
544 1880 610 1958 quid
626 1891 745 1960 segetes
761 1890 859 1960 agunt,
873 1881 941 1960 quid
955 1900 1026 1944 oves
1038 1881 1087 1943 dc·

86 1959 284 2025 licatissimaei
304 1962 336 2023 ln
356 1981 479 2040 summa,
501 1965 554 2025 nisi
575 1981 668 2043 aeque
684 1963 798 2044 longam
814 1963 964 2044 epistulam
977 1966 1085 2045 reddis,

51 2049 138 2105 bonon
152 2058 197 2109 est
211 2045 289 2126 quod
305 2056 404 2124 postca
418 2049 471 2107 uisi
487 2047 682 2108 brevissimam
696 2057 845 2128 expectes.
877 2047 959 2110 Vale.

549 2179 615 2241 xli.

354 2279 381 2330 c.
402 2277 527 2332 numius
544 2280 689 2332 nanrnuo
709 2280 769 2332 suo
787 2279 813 2330 a.

145 2373 368 2458 Λειτούργιον
393 2379 464 2441 illud
489 2381 566 2461 quod
594 2400 750 2460 superesse
778 2381 848 2443 llari
871 2383 960 2444 Prisci
984 2401 1107 2450 causae]

54 2464 211 2537 teproxime
234 2465 420 2543 scripsemm,
440 2467 541 2527 nescio
560 2483 594 2542 an
616 2468 701 2544 satis,
724 2468 922 2527 circumcisum
942 2476 1036 2528 tamen
1057 2474 1087 2526 ct

90 2543 211 2607 adrasum
234 2556 289 2607 cst.
324 2546 461 2609 Firminus
477 2549 607 2610 inductus
626 2552 654 2608 in
670 2561 797 2610 senatum
815 2549 963 2629 respondit
980 2551 1111 2616 criminis

90 2638 162 2688 notu.
194 2631 319 2692 Secutae
339 2641 403 2692 suut
424 2633 554 2694 diversae
575 2635 733 2694 sententiae
757 2632 904 2693 consulum
926 2633 1087 2712 designato·

91 2728 159 2772 rum:
186 2711 330 2776 cunutus
347 2713 490 2777 Tertullus
511 2719 622 2777 censuit
643 2717 742 2776 ordine
763 2717 949 2795 movendum,
968 2716 1086 2779 Acutius

91 2791 179 2856 Nerua
195 2799 224 2857 in
245 2800 394 2860 sortitione
415 2803 580 2879 provinciae
600 2803 737 2861 rationem
759 2802 821 2860 cius
841 2818 899 2860 non
919 2800 1084 2862 habendam.

57 2875 165 2948 bulluae
179 2884 318 2942 sententia
333 2891 472 2964 tamquam
484 2885 578 2944 mitior
592 2886 671 2962 vicit,
690 2901 753 2943 oum
767 2886 804 2946 sit
815 2884 920 2964 alioqui
934 2887 1029 2946 durior
1039 2887 1086 2946 tri·

94 2961 221 3041 stiorque.
245 2963 319 3037 Quid
333 2969 407 3027 enim
423 2967 552 3029 miserius
569 2986 652 3046 quam
666 2977 799 3028 exectum
815 2978 843 3030 et
859 2979 1020 3047 exemptum
1035 2969 1111 3032 ho³3

94 3045 199 3108 nuribus
215 3052 363 3111 senatoriis
377 3049 476 3112 labore
492 3062 521 3112 et
537 3051 667 3112 molestia
682 3069 738 3111 nou
753 3050 875 3113 carere?
891 3055 956 3132 quid
972 3055 1085 3132 gravius

97 3141 168 3202 quam
180 3141 256 3192 tanta
266 3135 417 3211 ignominia
434 3135 576 3196 adlectum
591 3152 648 3195 non
661 3137 688 3194 in
707 3136 858 3197 solitudine
874 3135 975 3214 latere,
992 3136 1086 3196 sedin

96 3205 142 3269 lmc
154 3213 286 3276 altissima
300 3219 418 3296 specula
431 3219 664 3297 conspiciendum
681 3239 713 3280 se
726 3221 992 3299 monstmndumque
1004 3237 1085 3298 prae·

62 3289 176 3356 iibere?
200 3298 350 3362 Praeterea
367 3303 433 3382 quid
453 3302 569 3381 publice
588 3305 678 3364 minus
696 3303 744 3363 aut
760 3321 921 3382 congruens
936 3313 982 3364 aut
999 3303 1112 3373 deco-q

97 3391 164 3456 rum,
177 3391 301 3443 notatum
315 3402 331 3444 a
347 3397 446 3446 senatu
461 3389 489 3445 iu
503 3397 602 3448 senatu
618 3387 722 3448 sedere
736 3389 866 3464 ipsisque
882 3386 937 3445 illis
953 3406 968 3446 a
983 3387 1085 3464 quibus

98 3460 130 3518 sit
141 3473 248 3527 notatus
265 3471 380 3546 aequari
391 3478 421 3530 et
435 3479 601 3531 summotum
614 3489 629 3530 a
643 3470 856 3551 proconsulatu,
876 3472 940 3549 quia
954 3489 987 3531 se
1002 3472 1030 3528 in
1044 3470 1085 3530 le·

99 3546 200 3686 &ligone
214 3553 344 3693 Eturpiter
365 3564 513 3632 gesserat,
541 3553 576 3615 da
596 3554 817 3634 proconsulibus
834 3553 959 3698 iudic3are
975 3555 1085 3614 damna·

152 3649 199 3690 utut
238 3655 263 3692 P.
