2616 4096
225 297 288 364 208
527 294 560 356 G.
583 294 681 356 PblNl
701 294 751 356 ΕΤ
773 294 930 360 Tumor

226 448 321 529 quod,
339 459 370 510 ut
384 450 439 510 iam
458 448 585 511 dixerant
605 457 782 510 sacramento
799 448 932 526 mibtari‚
954 445 1076 508 nondum
1090 445 1225 507 distributi

226 536 254 594 in
268 550 402 596 numeros
416 543 505 594 erant.
530 533 605 607 Quid
618 552 689 612 ergo
701 533 821 594 debeam
831 533 913 611 sequi
925 547 1010 610 rogo,
1022 530 1147 608 domine,
1162 530 1224 589 scri·

226 619 289 697 bas,
306 619 473 698 praesertim
489 635 553 678 curn
568 621 708 696 pertineat
721 617 757 677 ad
772 616 943 696 exemplum.

577 748 879 832 xxx.[xxxv1n1.1
1231 785 1244 836 r

560 849 724 900 TRAIANUS
742 847 847 901 PLINIO
867 848 894 899 S.

198 949 214 1000 1
287 931 449 994 Secundum
467 933 596 996 mandata
615 953 678 995 noea
699 935 768 996 lecit
789 935 975 1013 Sempronius
998 932 1151 995 Caelianus
1170 935 1225 993 ruit·
1286 963 1287 1006 ᾗ

225 1016 312 1078 tendo
327 1016 362 1077 ad
376 1025 405 1078 te
423 1034 476 1078 eos
491 1017 528 1078 de
543 1019 646 1097 quibus
663 1021 802 1096 cognosci
819 1020 962 1100 oportebit
976 1037 1011 1078 an
1027 1018 1150 1097 capitale
1166 1036 1225 1097 sup·

224 1100 340 1180 plicium
356 1103 495 1163 meruisse
509 1101 668 1163 videantur.
702 1102 803 1164 Refert
823 1111 916 1162 autem
936 1101 1085 1164 voluntarii
1101 1121 1137 1164 se
1151 1102 1225 1162 obtu-

198 1184 308 1247 blerint
325 1204 360 1246 en
374 1184 443 1246 lecti
457 1188 513 1248 sint
525 1186 572 1247 vel
588 1189 672 1246 etiarn
687 1187 784 1246 vicarii
800 1186 868 1247 dati.
899 1186 981 1248 Lecti
993 1189 1022 1248 ei
1037 1197 1120 1265 sunt,
1142 1186 1255 1264 inqui-lu

225 1270 291 1329 sitio
307 1273 455 1349 peccavit:
477 1272 502 1330 si
522 1273 620 1331 vicarii
636 1269 708 1348 dati,
731 1288 822 1349 penes
846 1287 898 1332 eos
921 1270 1005 1350 culpa
1022 1279 1066 1330 est
1082 1273 1133 1349 qui
1146 1270 1225 1330 dede·

224 1362 303 1413 runt:
318 1356 341 1413 si
357 1355 430 1433 ipsi,
445 1372 509 1413 curn
525 1355 663 1415 baberent
678 1353 847 1415 conditionis
862 1372 932 1416 suae
947 1356 1169 1433 conscientiam,
1182 1372 1226 1414 ve·

224 1445 342 1515 nerunt,
364 1438 642 1499 animadvertendum
661 1441 690 1498 in
710 1437 778 1498 illos
801 1440 865 1499 erit.
896 1438 1000 1518 Neque
1021 1441 1097 1499 enirn
1118 1438 1226 1499 multon

224 1523 345 1580 interest
365 1521 442 1598 quod
462 1521 585 1581 nondum
604 1539 658 1600 per
673 1537 805 1582 numeros
822 1521 963 1585 distributi
979 1532 1054 1583 sunt.
1085 1520 1143 1584 llle
1160 1524 1225 1582 enirn

224 1603 287 1665 dies
310 1604 388 1684 [pro]
411 1621 468 1683 qno
484 1608 602 1685 primum
620 1606 731 1684 probati
752 1615 817 1666 sunt
836 1609 985 1667 veritatem
1004 1607 1039 1667 ab
1059 1607 1095 1666 iis
1116 1605 1224 1685 originis
1233 1621 1255 1672 lb

224 1705 293 1750 suae
307 1690 414 1774 exegit.

619 1773 832 1854 xxx1.1xc.1

447 1872 473 1923 G.
493 1873 618 1925 PLINIUS
637 1875 783 1927 TRAIANO
801 1872 1011 1926 IMPERATORI.

201 1968 215 2017 1
290 1957 374 2018 Salva
384 1959 574 2037 magnitudine
589 1970 648 2038 tua,
665 1961 790 2038 domine,
806 1958 966 2022 descendas
983 1969 1097 2040 oportet
1109 1959 1147 2022 ad
1155 1975 1225 2020 mma

225 2059 325 2119 curas,
349 2059 413 2102 oum
426 2043 471 2104 ius
487 2043 554 2103 mibi
570 2043 684 2105 dederis
699 2045 844 2106 referendi
857 2044 892 2106 ad
907 2054 936 2107 te
949 2044 985 2105 de
1001 2045 1105 2124 quibus
1122 2044 1257 2107 dubitoto

198 2123 257 2186 bln
272 2124 421 2204 plerisque
437 2126 615 2207 civitatibus,
631 2131 750 2190 manime
765 2127 950 2190 Nicomediae
966 2138 995 2191 et
1009 2127 1155 2207 Nicaeae,
1172 2129 1225 2207 qui·

224 2208 288 2270 dam
301 2208 349 2270 vel
370 2211 398 2270 in
420 2225 493 2289 opos
515 2212 633 2274 damnati
652 2213 701 2273 vel
722 2215 749 2273 in
769 2212 866 2274 ludum
885 2212 1044 2292 similiaque
1065 2214 1109 2274 bis
1126 2227 1226 2292 genera

224 2310 380 2372 poenarum
400 2294 579 2374 publicorum
600 2314 747 2357 servorum
769 2298 866 2358 cilicio
880 2299 1095 2376 ministerioque
1111 2298 1226 2375 lungun·

224 2389 270 2439 tur
283 2387 368 2457 atque
380 2380 464 2440 etlam
475 2389 504 2439 ot
516 2381 622 2460 publici
634 2382 710 2442 servi
723 2400 813 2442 annua
826 2382 977 2460 accipiunt.
1002 2380 1086 2454 Quod
1097 2399 1156 2459 ego
1169 2397 1227 2440 con

197 2461 378 2540 tramissem,
394 2462 442 2523 diu
457 2463 630 2544 multumque
644 2465 782 2527 haesitavi
797 2465 864 2545 quid
880 2466 977 2526 iacere
994 2465 1140 2526 deberem.
1161 2463 1257 2526 Namtu

224 2555 254 2606 et
274 2545 397 2606 reddere
418 2565 532 2626 poenae
554 2557 620 2627 post
638 2549 753 2627 longum
774 2559 886 2629 ternpus
904 2549 1061 2629 plerosque
1074 2551 1129 2610 iam
1144 2565 1226 2612 senes

223 2638 263 2706 et,
280 2639 413 2708 quantum
427 2630 602 2708 adfirmatur,
624 2632 774 2711 frugaliter
793 2633 981 2713 modesteque
1001 2636 1134 2695 viventes
1149 2633 1226 2694 nimis

224 2730 356 2773 severum
370 2714 536 2794 arbitrabar,
554 2727 584 2776 et
596 2719 624 2776 in
634 2717 757 2795 publicis
769 2718 874 2779 ollloiis
883 2722 1009 2782 retinere
1020 2718 1165 2780 damnatos
1174 2733 1227 2777 non

223 2798 292 2858 sutis
314 2797 465 2858 honestum
483 2801 629 2879 putabam
656 2801 773 2864 cosdem
795 2821 893 2864 rursus
918 2821 935 2862 a
961 2803 1131 2883 republica
1152 2801 1226 2882 pasci

197 2881 334 2942 totiosos
348 2881 464 2960 inutile,
479 2900 537 2943 non
551 2888 630 2964 pasci
645 2889 728 2947 etiam
742 2885 935 2966 periculosum
950 2888 1151 2950 existimabam.
1172 2884 1258 2945 lle-³⁰

223 2966 351 3024 cessario
366 2981 436 3043 ergo
450 2985 511 3027 rem
525 2978 622 3046 totam,
639 2969 704 3030 dum
715 2980 744 3031 te
761 2971 958 3051 consulerem,
977 2973 1006 3032 in
1027 2988 1170 3051 suspenso
1184 2987 1226 3029 re·

222 3048 302 3127 liqui.
336 3047 466 3122 Quaeres
488 3052 611 3116 fortasse
632 3055 866 3133 quemadmodum
890 3058 1019 3116 evenerit
1039 3065 1070 3116 ut
1085 3057 1187 3135 poenis
1201 3055 1225 3111 in

223 3150 294 3212 quas
315 3132 435 3194 damuati
457 3146 536 3197 erant
556 3137 788 3200 exsolverentur:
812 3148 841 3201 et
861 3158 917 3218 ego
939 3142 1064 3219 quecui,
1087 3139 1140 3200 sed
1160 3135 1225 3198 nibil

224 3220 341 3296 conperi
362 3219 438 3297 quod
458 3219 604 3283 adbrrnare
626 3225 677 3284 tibi
701 3225 818 3302 possim.
851 3223 888 3285 Ut
904 3223 1020 3286 decreta
1035 3224 1138 3302 quibus
1152 3222 1225 3282 dam·

222 3303 279 3361 noti
300 3311 380 3362 erant
400 3304 636 3384 prolerebantur,
659 3308 697 3367 ita
717 3307 794 3368 nulla
814 3310 984 3370 monimenta
997 3309 1100 3388 quibus
1115 3305 1258 3369 liberarior

195 3385 420 3463 coroborentur.
448 3386 536 3450 Erant
550 3399 642 3450 omen
653 3393 701 3469 qui
721 3391 850 3452 dicerent
862 3390 1054 3471 deprecantes
1068 3395 1147 3453 iussu
1160 3406 1224 3471 pro·

225 3469 373 3528 consulum
383 3469 579 3549 legatorumve
589 3474 731 3535 dimissos.
754 3475 887 3538 Addebat
898 3477 982 3538 tidem
997 3477 1074 3558 quod
1090 3472 1225 3537 credibile

223 3559 284 3609 erat
298 3554 438 3612 neminem
452 3555 509 3615 boc
525 3574 623 3618 ausum
637 3558 700 3618 sine
715 3569 842 3622 auctore.
