2614 4104
219 311 283 375 286
584 339 587 346 ·
647 311 683 371 h.
698 307 797 371 Pthl

220 465 291 543 ipsis
299 461 412 542 quidem
424 463 555 524 haecluit
567 471 673 523 summa
684 471 853 522 votorumut
863 479 917 524 uos
930 463 974 524 sic
984 473 1116 524 amarent
1123 463 1162 523 dii
1171 481 1232 543 quo

220 545 559 607 modotu.llstneverum
567 545 1234 624 quodinteristaclamcvimns,‘onoslelices’l

221 631 296 705 Quid
302 633 376 692 enim
388 630 600 707 feliciusnobis,
615 629 778 708 quihusnon
785 631 839 688 lam
845 630 914 690 illud
922 629 1075 708 optandum
1084 640 1131 692 est
1140 639 1234 691 utnos

222 716 319 792 diligat
331 716 478 793 princeps,
486 714 583 774 seddii
595 712 829 792 quemadmodum
837 711 994 792 princeps?
1007 712 1119 774 Civitas
1131 714 1234 792 relig-i·

221 800 322 860 onibus
330 797 422 857 dedita
434 814 606 875 semperque
620 796 736 856 deorum
749 795 951 874 indulgentiam
963 799 1070 878 pietate
1078 800 1182 858 merita
1190 800 1258 858 nic

220 879 1233 958 hillelicitatisuaeputatadstruipossenisiutdiiCaesaremimitentur.

170 969 209 1033 75
284 963 342 1023 Sed
358 963 423 1042 quid
439 963 549 1040 singula
566 973 720 1024 consector
733 972 764 1023 et
778 961 906 1040 colligo?
926 967 1006 1043 quasi
1020 981 1092 1024 vero
1104 973 1154 1024 aut
1165 981 1233 1024 ora·

220 1050 297 1109 tione
312 1047 455 1125 conplecti
470 1056 517 1107 aut
531 1048 666 1107 memoria
682 1049 820 1126 consequi
836 1049 944 1126 possim
959 1065 1032 1126 quae
1047 1065 1113 1126 vos,
1130 1059 1233 1126 patres

221 1133 392 1209 conscripti,
409 1148 445 1190 ne
460 1149 514 1209 qua
529 1131 714 1208 interciperet
729 1130 848 1208 oblivio,
867 1140 897 1191 et
909 1133 937 1190 in
952 1131 1068 1208 publica
1084 1141 1149 1191 acte
1165 1134 1232 1192 mit·

218 1215 303 1276 tenda
324 1222 353 1275 et
372 1215 520 1275 incidenda
538 1216 566 1273 in
586 1233 654 1275 aere
670 1216 832 1275 censuistis.
865 1213 941 1275 Ante
956 1217 1101 1275 orationes
1118 1217 1271 1294 princi-lt

219 1316 286 1378 pum
300 1308 406 1359 tantum
420 1301 482 1359 eius
498 1298 573 1358 modi
594 1315 703 1376 genere
724 1308 969 1359 monumentomm
984 1297 1107 1358 mandari
1130 1308 1230 1360 aeter·

219 1385 297 1443 nitati
318 1381 464 1443 solebant:
489 1382 708 1443 adclamationes
730 1381 843 1460 quidem
863 1390 977 1442 nostrae
997 1382 1158 1460 parietibus
1178 1401 1231 1442 cu·

219 1467 278 1526 riae
295 1464 503 1525 claudebantur.
526 1463 613 1524 Erant
631 1467 705 1524 enim
717 1465 819 1544 quihus
833 1481 890 1525 nec
904 1475 1019 1526 senatus
1034 1465 1151 1544 gloriari
1171 1485 1232 1526 nec

221 1551 365 1628 principes
381 1557 511 1626 possent.
525 1547 582 1609 llas
595 1565 666 1609 vero
681 1550 751 1608 etin
766 1549 870 1627 vulgus
885 1551 965 1610 exire
977 1560 1007 1610 et
1018 1552 1144 1628 posteris
1158 1567 1232 1628 pro·

220 1633 247 1693 di
265 1651 328 1694 cum
344 1649 380 1692 ex
396 1631 513 1693 utilitate
533 1642 591 1693 tum
612 1651 649 1693 ex
669 1633 805 1710 dignitate
820 1632 934 1711 publica
949 1632 1016 1694 luit:
1036 1635 1174 1710 primum,
1197 1641 1270 1695 ut15

219 1719 297 1778 orbis
313 1726 448 1777 terrarum
463 1719 576 1794 pietatis
593 1726 707 1778 nostrae
729 1716 912 1778 adhiberetur
925 1719 1007 1777 testis
1023 1725 1055 1776 et
1073 1719 1229 1786 conscius:

219 1801 333 1878 deinde,
349 1811 380 1861 ut
392 1800 570 1861 manifestum
582 1810 661 1861 esset
671 1799 777 1860 audere
789 1817 842 1862 nos
854 1800 983 1861 debonis
998 1799 1138 1880 malisque
1149 1804 1229 1877 prin·

221 1885 333 1963 cipibus
347 1901 403 1944 non
419 1894 524 1944 tantum
538 1893 606 1963 post
619 1886 699 1963 ipsos
713 1884 853 1952 iudicare;
874 1892 1036 1963 postremo,
1058 1893 1090 1945 ut
1109 1887 1228 1962 experi-

218 1977 314 2028 mento
332 1977 559 2045 cognosceretur
575 1977 605 2028 et
620 1977 683 2028 ante
700 1984 753 2027 nos
768 1977 883 2046 gratos,
904 1967 956 2030 sed
977 1970 1099 2029 miseros
1119 1968 1227 2047 luisse,
1296 1949 1297 2017 l

220 2053 321 2129 quibus
337 2067 471 2111 essenos
487 2061 584 2128 gratos
600 2052 721 2128 probare
736 2060 818 2112 antea
836 2067 893 2111 non
907 2049 998 2112 licuit.
1028 2052 1066 2111 At
1082 2067 1137 2131 qua
1154 2061 1268 2113 con-tt

218 2137 362 2211 tentione,
379 2151 435 2212 quo
449 2134 529 2213 nisu,
545 2136 649 2212 quibus
661 2135 831 2195 clamoribus
843 2134 1053 2213 expostulatum
1067 2144 1160 2196 estne
1174 2136 1228 2198 ad·

219 2219 314 2280 lectus
328 2227 459 2290 nostros,
481 2237 517 2278 ne
530 2225 577 2278 tua
592 2221 689 2279 merita
706 2222 917 2298 supprimeres,
938 2219 1060 2297 denique
1081 2227 1111 2279 ut
1125 2219 1154 2278 io
1169 2237 1226 2296 po·

220 2314 326 2365 storum
343 2301 477 2382 exemplo
492 2302 675 2382 provideres!
701 2302 820 2363 Discunt
836 2312 866 2363 et
879 2305 1025 2382 principes
1041 2301 1226 2362 adclamatio·
1295 2305 1296 2365 l

218 2405 271 2448 nes
291 2406 375 2448 veras
396 2387 540 2466 falsasque
564 2387 728 2448 discernere
748 2387 926 2465 habeantque
946 2388 1070 2446 muneris
1085 2387 1126 2447 tui
1145 2387 1225 2464 qnod

218 2474 272 2532 iam
290 2470 384 2551 decipi
401 2488 457 2530 nou
473 2480 617 2550 poterunt.
642 2469 707 2531 Non
721 2470 914 2532 instruendum
928 2469 984 2531 illis
999 2472 1054 2530 iter
1067 2471 1103 2530 ad
1118 2470 1263 2530 houamtt

218 2557 328 2630 lamam,
343 2555 393 2616 sed
401 2572 457 2614 non
466 2554 664 2633 deserendum,
677 2571 733 2614 non
745 2552 945 2616 summovenda
955 2553 1090 2632 adulatio,
1103 2554 1156 2615 sed
1164 2571 1224 2615 non

217 2639 379 2700 reducenda
392 2647 445 2698 est.
462 2637 577 2700 Certum
589 2646 634 2700 est
646 2649 675 2700 et
688 2656 761 2718 qnae
774 2639 871 2699 lucere
884 2647 914 2699 et
922 2655 994 2716 quae
1007 2637 1131 2698 debeant
1143 2638 1222 2698 audi·

216 2740 262 2799 re,
275 2726 299 2784 si
312 2723 422 2783 iaciant.
438 2721 513 2795 Quid
524 2741 598 2783 nunc
611 2740 804 2802 egosuperea
817 2741 889 2803 quae
900 2740 962 2782 sum
974 2739 1037 2781 curn
1047 2730 1109 2782 toto
1120 2731 1222 2782 senatu

217 2816 351 2885 precatus
365 2823 418 2884 pro
433 2817 535 2866 senatu
546 2824 662 2885 precer,
677 2809 730 2867 nisi
744 2815 775 2866 ut
787 2806 903 2868 baereat
915 2807 1007 2865 animo
1023 2815 1073 2865 tuo
1089 2805 1223 2883 gaudium

218 2889 294 2969 quod
308 2898 376 2947 tunc
389 2889 480 2949 oculis
491 2887 655 2968 protulisti?
673 2889 760 2972 hmes
773 2889 850 2949 illum
862 2889 945 2963 diem,
963 2898 1097 2950 ettamen
1110 2891 1261 2968 circumdo

216 2991 290 3034 nunna
302 2974 449 3047 merearis,
462 2991 536 3033 nova
549 2974 660 3035 audias:
672 2973 772 3034 eadem
785 2975 859 3034 enim
873 2973 928 3032 dici
940 2975 994 3034 nisi
1008 2976 1045 3034 ob
1058 2975 1167 3035 eadem
1179 2972 1222 3033 la·

171 3052 207 3124 ld
220 3067 263 3120 cta
275 3076 330 3118 non
344 3065 472 3135 possunt.
486 3054 544 3118 lam
557 3061 798 3137 quamantiquum‚
813 3075 896 3137 quom
909 3057 1070 3135 consulare,
1084 3056 1160 3137 quod
1170 3059 1222 3117 tri·
1293 3053 1294 3065 ¹

217 3144 302 3203 duum
316 3151 406 3203 totum
421 3150 536 3202 senatus
551 3142 604 3202 sub
622 3142 755 3221 exemplo
770 3143 809 3201 tui
828 3140 920 3219 sedit,
942 3157 1006 3200 cum
1025 3143 1135 3202 interea
1151 3137 1220 3200 nibil

215 3237 332 3307 praeter
353 3225 499 3288 consulem
515 3225 640 3304 ageresb
661 3225 849 3302 Interrogavit
867 3228 989 3303 quisque
1007 3224 1083 3304 quod
1097 3224 1221 3303 placuit:

216 3309 377 3386 dissentire,
395 3310 557 3388 discedere,
573 3319 604 3370 et
619 3311 730 3387 copiam
743 3309 838 3369 iudicii
856 3311 899 3368 sui
913 3311 954 3369 rei
969 3307 1104 3387 publicae
1119 3307 1255 3369 incenset

215 3403 310 3454 tultam
323 3395 396 3470 suit:
418 3393 541 3454 consulti
557 3410 655 3453 omnes
670 3403 757 3472 atquo
772 3394 855 3453 etiam
873 3391 1036 3452 dinumerati
1050 3408 1166 3468 sumus,
1178 3393 1221 3450 ri·

216 3479 312 3552 citque
331 3479 472 3536 sententia
489 3492 545 3535 non
566 3480 652 3554 prima
675 3476 726 3536 sed
749 3475 858 3536 melior.
891 3476 930 3535 ht
950 3477 1014 3554 quis
1027 3484 1110 3536 antea
1126 3474 1217 3553 loqui,

216 3559 280 3635 quis
296 3557 409 3618 hiscere
424 3558 545 3618 audebat
558 3569 674 3637 praeter
688 3561 808 3619 miseros
820 3559 886 3618 illos
901 3561 948 3638 qui
962 3561 1044 3638 primi
1059 3561 1218 3634 interroge-
