2632 4096
214 229 276 294 lau
634 228 668 290 O.
688 227 785 289 PblNi

213 385 270 460 ris,
289 380 357 442 nihil
374 389 419 442 est
435 379 511 458 qnod
525 397 632 458 regare
648 379 783 458 debeam,
806 383 976 460 praesertim
993 398 1047 461 pro
1061 383 1151 462 patria
1167 399 1214 461 ps·

215 466 293 526 tenti.
328 463 403 538 Quid
428 465 502 524 anim
527 464 662 543 precibus
684 473 732 524 aut
753 464 901 525 bonesb’us
925 467 980 544 piis
999 475 1048 526 aut
1069 465 1216 526 efficacius

187 545 350 617 amantis?
382 546 504 607 Proinde
524 545 661 607 Firmanis
679 548 735 608 tuis
753 563 788 607 ac
806 549 861 607 iam
880 550 975 626 potius
997 551 1101 610 nostris
1117 549 1216 624 obliga

216 633 299 694 iidem
319 649 424 699 meam;
447 647 520 709 quos
540 629 639 691 labore
653 639 684 690 et
698 630 791 690 studio
809 648 875 692 mac
887 630 988 710 dignos
1002 649 1066 692 cum
1079 631 1217 711 splendor

214 718 340 796 ipsorum
351 725 410 775 tum
421 713 478 774 boc
489 714 608 774 maxime
618 711 782 792 pollicetur,
798 715 874 793 quod
887 714 1024 776 credibile
1036 724 1082 776 ast
1093 717 1239 794 optimoss

215 817 282 860 esse
295 801 368 858 inter
381 812 454 876 quos
468 805 498 856 tu
512 795 575 857 talis
589 797 717 858 moreris.
747 797 830 858 Vale.
864 797 866 800 ’

651 928 769 992 ιιιιιιι.

500 1027 527 1084 G.
546 1027 671 1082 PLINIUS
686 1029 801 1082 NEPOTI
816 1029 876 1082 SUO
892 1028 919 1078 S.

190 1150 204 1201 l
275 1133 339 1193 Scis
361 1141 390 1192 tu
410 1132 574 1192 accessisse
593 1134 714 1211 pretinm
740 1133 833 1211 agris,
860 1133 1017 1212 praecipue
1037 1133 1215 1196 suburbanis.
1223 1150 1251 1202 lt
1294 1139 1295 1190 t

216 1213 308 1279 Causa
319 1217 429 1278 subitae
446 1218 568 1278 caritatis
582 1233 630 1276 res
645 1214 740 1276 multe
753 1219 856 1294 agitata
869 1215 1062 1277 sermonibus:
1077 1217 1215 1294 proximis
1294 1205 1295 1222 ¹

218 1301 338 1363 comitiis
359 1299 574 1360 honestissimas
594 1316 685 1360 voces
706 1308 820 1360 senatus
842 1299 987 1378 expressit
1007 1299 1163 1360 ‘candidati
1181 1317 1216 1358 ne

189 1387 416 1461 nconvirentur,
438 1401 475 1443 ne
495 1385 604 1444 mittant
617 1399 748 1460 munera,
770 1402 807 1443 ne
823 1385 960 1461 pecunias
976 1383 1140 1461 deponant’.
1173 1381 1216 1442 iix

216 1468 318 1548 quibus
332 1467 388 1528 duo
403 1468 497 1546 priora
512 1475 568 1526 tam
582 1475 682 1545 aperte
695 1483 778 1545 quam
792 1465 943 1526 immodice
957 1467 1071 1544 flebant,
1088 1467 1147 1528 boc
1162 1475 1216 1526 ter·

187 1554 299 1630 etium,
315 1567 481 1630 quamquam
496 1547 703 1626 occultaretur,
725 1567 779 1628 pro
797 1558 945 1628 comperto
960 1549 1126 1612 habebatur.
1160 1548 1250 1610 iio-15

215 1634 540 1712 rnuiiusdeinuiaaoster,
553 1633 703 1712 vigilanter
709 1651 778 1694 usus
790 1634 846 1694 boc
859 1651 1002 1708 consensu
1012 1643 1138 1711 senatus,
1153 1651 1216 1693 sen·

215 1722 320 1781 tentiae
334 1719 403 1780 ioco
414 1717 569 1799 postulavit
583 1727 614 1780 ut
626 1716 759 1778 consules
771 1717 942 1779 desiderium
953 1721 1153 1778 universorum
1167 1733 1214 1777 no·

216 1813 274 1864 tum
285 1804 407 1882 principi
415 1803 543 1874 iacerent
553 1811 753 1880 peterentque,
768 1803 841 1862 sicut
852 1801 915 1862 aliis
925 1801 1000 1862 vitiis
1017 1801 1083 1863 hnic
1101 1816 1216 1880 quoque

189 1885 393 1965 aprovidentia
409 1904 459 1948 sua
474 1894 650 1945 occurreret.
674 1884 819 1947 Occurrit:
832 1902 896 1945 nam
910 1893 1039 1964 sumptus
1055 1884 1216 1945 candidato·

216 1987 292 2042 rum,
309 1955 411 2029 foedos
426 1968 492 2030 iilos
505 1977 535 2029 et
546 1968 682 2044 infames,
704 1969 823 2029 ambitus
839 1968 906 2046 iege
917 1970 1076 2030 restrinxit:
1098 1968 1251 2033 eosdemse

216 2053 374 2134 patrimonii
396 2053 506 2112 tertiam
521 2060 629 2130 partem
644 2052 777 2112 conferre
791 2053 873 2113 iussit
888 2054 915 2112 in
930 2069 965 2114 ea
979 2070 1052 2132 quae
1066 2050 1132 2114 solo
1151 2069 1217 2113 con·

216 2137 381 2212 timerentur,
399 2134 526 2196 deforme
541 2136 708 2214 arbitratus,
725 2144 756 2195 ut
771 2145 848 2213 erat,
863 2136 1001 2196 bonorem
1017 2139 1159 2214 petituros
1173 2152 1216 2194 nr·

217 2221 282 2280 bern
303 2217 467 2298 italiamque
489 2236 545 2280 non
566 2236 620 2298 pro
641 2221 730 2298 patria
752 2219 803 2279 sed
825 2237 878 2298 pro
898 2220 1023 2298 bospitio
1043 2231 1091 2281 aut
1105 2217 1216 2282 stabulo

189 2305 296 2384 spnsi
311 2305 527 2381 peregrinantes
541 2302 657 2363 babere.
679 2300 855 2372 Concursant
869 2321 941 2382 ergo
958 2302 1110 2365 candidati:
1126 2311 1217 2364 certa·

216 2390 265 2448 tim
280 2387 415 2466 quidquid
428 2385 532 2447 venale
546 2386 660 2447 andiunt
676 2389 822 2465 emptitant
835 2403 951 2466 quoque
966 2389 1022 2447 sint
1035 2387 1116 2468 plura
1130 2389 1250 2448 rena-to

190 2471 253 2534 clia
265 2471 399 2532 efficiunt.
419 2470 543 2531 Proinde
558 2471 583 2531 si
600 2471 726 2549 paenitet
743 2470 945 2570 teltaiiccrnm
955 2471 1144 2568 praediorum,
1162 2471 1216 2568 bec

214 2555 356 2616 vendendi
376 2563 488 2633 tempus
504 2563 561 2616 tam
580 2553 704 2614 Hercule
718 2571 801 2632 mans
814 2572 843 2613 rn
857 2557 1012 2634 promncnis
1027 2552 1213 2634 comparando,
1294 2605 1295 2618 ,

215 2638 367 2700 domitiam
382 2638 519 2699 candidati
532 2637 591 2698 illio
605 2637 739 2711 rendunt,
755 2646 786 2697 ut
799 2638 846 2698 bic
861 2648 961 2699 emant.
982 2636 1064 2699 Vale.
1294 2635 1295 2648 ¹

1294 2709 1295 2737 i

639 2761 666 2813 >a
684 2771 747 2832 xx,
1220 2811 1250 2866 w
1294 2763 1295 2806 ι

503 2870 531 2923 c,
547 2871 672 2924 PLINIUS
687 2871 803 2923 ΤΑοῐΤο
819 2869 879 2921 SUO
895 2869 922 2920 s.

108 2935 153 3062 Γ
192 2983 207 3036 l
279 2973 331 3034 Ais
352 2981 380 3033 te
397 2973 547 3034 adductum
565 2973 667 3035 litteris
683 2992 753 3055 quas
764 2975 895 3058 exigenti
909 2973 961 3033 tibi
976 2972 1012 3033 de
1027 2980 1119 3032 morte
1133 2987 1214 3030 avun-
1294 2967 1295 2970 ’

217 3056 273 3117 culi
287 3058 343 3117 mei
365 3058 469 3136 scripsi
485 3075 593 3136 cupere
613 3075 794 3136 cognoscere
810 3075 883 3137 quos
899 3073 955 3135 ego
976 3053 1078 3116 Miseni
1099 3053 1213 3114 relictus
1294 3097 1295 3102 ι

217 3140 262 3220 (iu
276 3143 350 3202 enim
365 3143 514 3219 ingressus
533 3141 714 3220 abruperam)
732 3159 788 3202 non
808 3141 900 3202 solun
914 3148 1007 3200 metus
1020 3155 1119 3198 rernm
1134 3139 1214 3197 etiam

217 3242 302 3286 casus
322 3224 495 3302 pertulerim.
530 3223 703 3303 Quamquam
721 3226 828 3285 animas
841 3223 1004 3284 meminisse
1018 3221 1132 3298 horret,
1148 3217 1248 3281 inci-³⁵

190 3309 301 3386 tpiam.
329 3306 464 3369 Proiecto
485 3307 627 3369 amnonis
648 3309 712 3387 ipsa
731 3307 871 3387 reliquum
890 3315 1004 3385 tempus
1019 3304 1120 3366 studiis
1135 3302 1212 3383 (tusc

217 3393 290 3451 enim
301 3391 506 3470 remanseram)
520 3388 651 3469 inpendi:
672 3408 739 3451 mox
758 3391 915 3467 balineum,
937 3407 1024 3465 cena,
1045 3405 1161 3450 somnus
1175 3388 1213 3446 in·

191 3482 331 3553 equetus
345 3483 375 3535 et
388 3475 495 3535 brevis.
517 3475 720 3535 Praecesserat
735 3492 790 3554 per
802 3474 907 3535 multos
921 3473 983 3536 dies
1003 3481 1109 3535 memor
1125 3482 1213 3535 terrae
