2614 4104
391 300 655 364 PANEGYRICUS
669 313 712 366 44.
720 312 763 366 45.
771 312 814 367 46.
1041 303 1104 369 265

8 523 10 528 ,
101 472 218 531 somno,
241 453 408 532 frugalitatis
423 454 551 515 luxuriae
568 472 681 516 merces
696 455 791 531 datur,
816 456 915 517 eadem
930 457 985 518 ista
1000 457 1103 536 quihus

100 539 174 600 alios
185 537 292 599 artibus
303 537 456 598 adsecutos
467 538 564 599 vident
575 547 790 600 consectantur:
804 538 962 618 qualesque
975 549 1040 602 sunt
1050 540 1102 618 illi,

101 623 177 684 tales
191 639 259 683 esse
274 631 304 682 et
317 621 408 683 videri
423 621 539 699 volunt,
562 630 592 682 et
607 623 672 682 dum
686 621 801 702 volunt,
824 624 899 684 liunt.
936 623 975 684 Et
989 625 1101 704 priores
1112 625 1153 686 45

102 707 217 786 quidem
233 708 395 786 principes,
419 715 544 784 excepto
560 715 639 784 patre
653 716 720 783 tuo,
737 716 887 786 praeterea
901 725 957 768 uno
972 718 1019 769 aut
1034 706 1104 767 alte-

76 802 153 868 tro,
179 799 210 850 et
229 791 311 849 nimis
331 789 404 865 dixi,
430 791 507 849 uitiis
527 791 623 868 potius
638 791 742 850 civium
756 808 838 869 pam
852 792 1002 853 virtutibus
1017 790 1104 852 laetu·

99 876 216 934 bantur:
237 875 371 951 primum,
388 872 465 952 qnod
480 875 507 932 in
522 872 578 932 alio
593 891 643 934 sua
658 892 800 953 quemque
815 884 912 940 natura
926 874 1102 936 delectat...

100 958 226 1036 (lenique
241 956 317 1036 quod
332 958 516 1034 patientiores
531 958 674 1018 servitutis
689 956 891 1018 arbitrabantur
902 975 975 1038 quos
987 976 1043 1019 non
1055 957 1104 1019 de·

100 1049 184 1102 ceret
200 1059 267 1102 esse
286 1042 340 1100 nisi
360 1058 469 1103 servos.
507 1039 612 1100 Horum
632 1043 661 1101 in
681 1044 772 1102 sinum
792 1045 883 1102 omnia
899 1043 1103 1120 congerebant,

99 1127 195 1186 bonos
214 1132 308 1184 autern
324 1125 381 1184 otio
397 1142 431 1184 ac
446 1127 501 1183 situ
518 1125 664 1186 abstrusus
680 1135 710 1186 et
730 1127 810 1204 quasi
832 1125 963 1203 sepultos
980 1127 1104 1186 nonnisi

55 1207 292 1269 todclationibus
307 1207 483 1288 etpericulis
499 1211 527 1267 in
537 1209 630 1268 lucem
639 1227 674 1269 ac
683 1209 757 1268 diem
768 1209 961 1287 proferebant.
983 1208 1025 1267 'l'u
1038 1212 1103 1268 arni-

101 1309 156 1354 oos
172 1310 210 1352 ex
224 1293 337 1370 optimis
352 1291 442 1370 legis;
459 1300 488 1353 et
502 1291 626 1353 Hercule
642 1309 764 1372 aequum
779 1302 824 1354 est
841 1311 908 1355 csse
924 1309 977 1354 eos
992 1294 1104 1352 carissi·
1164 1343 1167 1358 ,

99 1393 165 1436 mos
180 1377 256 1436 bono
271 1377 392 1456 principi
407 1377 453 1455 qui
465 1378 547 1436 invisi
558 1375 631 1436 malo
643 1376 756 1437 luerint.
779 1376 855 1454 Scis,
872 1387 902 1436 ut
915 1384 981 1437 sunt
992 1374 1104 1436 diversa

100 1470 202 1521 natura
222 1459 372 1520 dominatio
391 1469 420 1519 ct
433 1461 625 1540 principatus,
649 1462 687 1521 ita
705 1478 762 1521 non
777 1459 839 1521 aliis
862 1478 929 1521 esse
946 1460 1103 1538 principem

101 1545 258 1622 gratiorem
281 1561 365 1623 quam
384 1545 432 1622 qui
453 1545 573 1604 maxime
595 1543 737 1605 dominum
756 1553 917 1622 graventur.
952 1543 1012 1604 Hos
1032 1559 1104 1621 ergo

56 1639 93 1692 15
102 1628 241 1708 provehis
262 1637 292 1688 et
312 1637 439 1688 ostentas
460 1629 540 1706 quusi
560 1631 708 1705 specimen
728 1638 757 1689 et
777 1627 939 1706 exemplar,
967 1644 1039 1706 quae
1053 1625 1104 1686 tibi

102 1721 187 1774 secta
199 1713 285 1788 ritae,
301 1710 378 1790 quod
391 1712 532 1772 hominum
546 1730 638 1788 genus
653 1711 778 1790 placeat·;
804 1721 833 1771 et
846 1712 912 1771 ideo
927 1727 984 1770 non
1002 1727 1104 1770 censu·

101 1813 163 1856 ram
180 1794 288 1872 adhuc,
315 1812 372 1855 non
387 1796 595 1875 praefecturam
610 1813 719 1856 momm
733 1797 886 1874 recepisti,
910 1796 974 1873 quia
988 1792 1039 1853 tihi
1055 1794 1104 1853 lte·

102 1880 215 1940 neliciis
228 1881 323 1959 potius
335 1897 418 1958 quam
428 1878 562 1940 remediis
574 1880 687 1958 ingenia
700 1888 796 1939 nostra
807 1879 930 1958 experiri
940 1876 1044 1956 placet.
1066 1874 1105 1937 Et

103 1963 210 2042 alioqui
230 1965 329 2023 nescio
351 1981 386 2023 an
404 1963 470 2043 plus
490 1964 616 2024 moribus
640 1963 769 2024 conferat
788 1964 923 2041 princeps
943 1962 991 2039 qui
1013 1961 1105 2020 bonos

58 2051 96 2104 20
106 2065 174 2108 esse
191 2048 296 2124 patitur
315 2064 398 2126 maur
411 2049 459 2125 qui
479 2049 566 2124 cogit.
606 2046 762 2108 Flexibiles
777 2063 982 2127 quamcumque
999 2047 1028 2104 iu
1042 2061 1105 2124 par·

103 2139 163 2190 tem
177 2131 303 2190 ducimur
315 2149 332 2190 a
348 2132 477 2210 principe
490 2140 594 2210 atque,
617 2141 648 2191 ut
661 2134 699 2192 ita
714 2132 819 2209 dicam,
846 2148 988 2209 sequaces
1000 2146 1104 2188 sumus.

104 2213 178 2274 Huic
190 2216 265 2274 euim
279 2217 354 2292 cari,
368 2215 434 2273 huic
448 2215 559 2293 probati
577 2233 642 2276 esse
659 2217 806 2294 cupimus,
829 2214 905 2293 quod
920 2214 1024 2274 trnsna
1039 2229 1105 2289 spe·

104 2300 228 2359 raserint
249 2298 414 2366 dissimilem
442 2315 536 2376 eoque
557 2298 685 2377 obsequii
700 2299 908 2358 continuatione
924 2297 1105 2374 pervenimus

105 2390 137 2441 nt
155 2399 247 2460 prope
270 2399 369 2444 omnes
391 2383 519 2442 homines
536 2385 619 2441 unius
633 2383 758 2443 moribus
774 2384 912 2440 vivamus.
945 2378 1034 2439 Porro
1048 2395 1105 2438 non

59 2469 162 2526 autam
181 2468 296 2527 sinistre
317 2468 499 2526 coustitutum
513 2475 558 2526 est
576 2475 626 2543 ut,
650 2467 699 2545 qui
713 2465 815 2525 malum
830 2465 988 2543 principem
1003 2479 1105 2541 possu-

105 2568 184 2628 mus,
206 2549 310 2610 bonum
324 2568 381 2610 non
397 2551 540 2630 possimus
556 2551 665 2611 imitari.
699 2550 791 2627 Perge
811 2547 912 2625 modo,
932 2545 1053 2620 Caesar,
1076 2553 1106 2605 et

104 2636 162 2692 rim
173 2635 366 2712 effectumque
382 2652 520 2694 censurae
534 2643 608 2694 tuum
622 2636 816 2714 propositum,
843 2634 884 2692 tui
901 2639 980 2691 aetus
997 2629 1106 2690 obtine·

105 2718 184 2777 bunt.
203 2716 274 2778 Nam
289 2720 346 2779 vita
359 2719 630 2800 principisceusura
646 2728 691 2779 cst
705 2735 796 2796 eaque
812 2723 965 2794 perpetua:
982 2712 1018 2773 arl
1033 2711 1107 2773 hanc

106 2801 267 2880 dirigimur,
294 2801 416 2863 adhunc
434 2803 640 2879 convertimur,
660 2819 714 2861 neo
731 2811 786 2861 tam
800 2801 919 2878 imperio
934 2799 1018 2858 nobis
1034 2813 1107 2877 opus

61 2890 151 2946 aocet
167 2894 249 2965 quam
265 2885 407 2964 exemplo.
445 2885 559 2966 Quippe
573 2885 694 2946 infidelis
708 2887 781 2946 recti
795 2885 932 2962 magister
946 2891 992 2944 est
1005 2891 1107 2941 metus.

104 2966 209 3030 Melius
231 2971 359 3030 homines
375 2970 514 3049 exemplis
530 2969 687 3047 docentur,
704 2971 819 3048 quaein
836 2969 933 3049 primis
952 2968 1010 3027 hoc
1030 2968 1057 3024 in
1074 2983 1107 3024 se

105 3053 174 3113 boni
188 3052 309 3131 habent,
326 3052 403 3133 quod
421 3054 577 3132 adprobant
594 3071 669 3132 quae
683 3054 861 3132 praecipiunt
875 3053 936 3112 sueri
949 3067 1047 3128 posse.
1068 3046 1106 3106 Et
1117 3041 1158 3105 46

105 3138 170 3216 quis
187 3146 280 3197 terror
296 3137 433 3198 valuisset
446 3138 564 3198 efficere
581 3138 656 3216 quod
672 3139 832 3198 reverentia
847 3137 888 3195 tui
903 3127 1020 3194 effecit?
1049 3129 1107 3191 Ob·

104 3221 188 3282 tinuit
202 3219 303 3299 aliquis
318 3230 349 3281 ut
367 3221 563 3301 spectaculum
576 3223 809 3300 pantomimorum
825 3217 948 3296 populus
964 3214 1107 3274 Romanus

62 3303 171 3368 seretti
185 3305 418 3384 pateretur,·sed
432 3322 489 3365 non
504 3305 624 3364 obtinuit
639 3313 670 3364 ut
682 3303 780 3364 vellet.
801 3301 930 3378 Rogatus
946 3316 978 3360 cs
990 3307 1020 3357 tu
1032 3296 1108 3375 quod

106 3389 231 3466 cogebat
242 3388 330 3465 alius,
348 3391 503 3469 coepitque
517 3407 583 3449 esse
597 3389 765 3449 heneficium
780 3385 856 3466 qnod
869 3384 1029 3450 necessitas
1045 3381 1108 3440 lue·

105 3481 156 3532 rat.
179 3469 282 3550 Neque
294 3474 369 3532 enim
383 3491 399 3533 a
414 3481 444 3532 te
461 3475 569 3533 minore
586 3479 727 3532 concentu
738 3479 769 3530 ut
783 3469 903 3529 tolleres
918 3465 1108 3547 pantomimos

106 3573 189 3634 quam
202 3575 218 3615 a
236 3565 315 3634 patre
335 3565 385 3616 tuo
399 3566 430 3617 ut
444 3559 609 3617 restitueret
620 3549 749 3616 euraclum
764 3562 819 3615 est.
841 3552 996 3630 Utrumque
1011 3555 1108 3608 recte·
