2632 4102
214 297 254 362 12
642 295 674 358 G.
695 295 794 358 rurul

214 454 258 512 cia
274 449 352 527 milri,
369 467 426 510 uon
440 449 512 509 lraeo
529 453 633 510 ‘senex
648 459 725 526 erat,
748 450 872 510 infirmus
890 455 961 511 erat’
978 450 1065 530 (haec
1082 452 1157 511 euim
1168 467 1221 511 no·

212 535 273 612 vi),
288 533 341 595 sed
354 551 428 594 noua
442 533 546 612 aliquo,
562 533 615 594 sed
628 549 739 610 magua,
755 550 828 612 quae
842 533 978 594 audierim
994 551 1160 613 numquam,
1176 533 1220 596 le-

213 620 304 696 gerim
315 635 471 697 numquam.
494 615 654 696 Numquae
670 615 781 694 audivi,
799 635 871 695 quae
887 615 964 697 legi,
980 627 1084 698 sponte
1100 636 1221 680 succur-

212 711 293 780 runt,
310 699 363 762 sed
376 710 455 762 tanto
471 700 571 762 dolore
586 709 763 780 superantur.
795 699 878 762 Vale.

734 831 756 892 l.

420 930 448 982 c.
466 929 592 981 ruuuus
611 831 889 982 sosrllsssuueorour
904 929 964 982 suo
983 930 1011 982 e.

193 1053 208 1104 1
277 1034 410 1113 llaguum
424 1042 595 1114 proventum
608 1041 757 1114 poetarum
772 1054 860 1097 annus
875 1035 923 1096 lric
933 1034 1034 1096 attolit.
1057 1035 1130 1097 'loto
1141 1054 1221 1096 meu·

216 1139 249 1180 se
265 1118 358 1198 Aprili
375 1118 470 1179 nullus
487 1119 551 1179 lere
568 1118 629 1179 dies
647 1136 705 1198 quo
719 1137 776 1180 nou
789 1122 925 1181 recitaret
942 1117 1055 1198 aliquis.
1076 1119 1156 1181 luuat
1172 1139 1221 1183 me

215 1201 291 1282 quod
305 1205 403 1281 vigent
417 1201 520 1279 studia,
534 1202 684 1282 proferunt
697 1221 732 1263 se
745 1205 859 1282 ingenia
869 1203 1011 1264 homiuum
1022 1212 1052 1264 et
1063 1212 1219 1283 ostentant,
1230 1220 1263 1271 10

186 1288 326 1353 otametsi
340 1287 376 1347 ed
390 1286 559 1348 audiendum
572 1288 657 1366 pigre
671 1289 771 1348 coitur.
798 1286 932 1366 Plerique
946 1289 974 1346 in
989 1288 1156 1348 sudoribus
1171 1307 1221 1350 ee·

214 1370 281 1432 deut
291 1380 463 1450 tempusque
477 1370 608 1430 audiendi
623 1371 725 1432 fabulis
741 1380 893 1432 conterunt
902 1389 937 1432 ac
948 1371 1069 1433 subinde
1082 1372 1137 1433 silui
1148 1390 1222 1432 nun·

212 1456 275 1515 tieri
290 1455 388 1515 iubent
402 1472 437 1514 an
451 1456 504 1514 iam
518 1455 654 1515 recitator
666 1456 822 1534 intraverit,
836 1473 871 1516 au
885 1455 988 1516 dixerit
1001 1454 1220 1534 praelationem,

213 1557 248 1598 an
263 1556 301 1598 ex
314 1555 413 1615 magua
427 1546 509 1617 parte
521 1537 661 1599 evolverit
670 1537 786 1599 librum:
802 1548 870 1599 tuuc
883 1538 1005 1618 demum,
1021 1556 1056 1598 ao
1067 1548 1135 1600 tnnc
1147 1557 1221 1619 quo·

214 1639 271 1701 que
285 1618 364 1683 lente
380 1630 604 1700 cunctanterque
623 1623 754 1691 ueniunt:
775 1641 831 1684 uec
851 1632 945 1684 tumen
966 1632 1149 1702 permanent,
1166 1623 1261 1688 sedli

146 1711 148 1716 ’
213 1714 278 1766 aute
295 1705 378 1766 linem
396 1705 553 1783 recedunt,
567 1704 616 1766 olii
632 1705 840 1767 dissimulanter
854 1714 884 1768 et
897 1707 1003 1783 furtim,
1019 1704 1066 1766 alii
1082 1706 1219 1787 simplici·

125 1801 142 1832 u
189 1797 258 1851 ater
272 1798 303 1850 et
316 1789 417 1850 libere.
440 1789 486 1862 Ad
501 1787 776 1858 Herculelmerooria
790 1788 1100 1870 pareutumtillaudium
1112 1789 1220 1852 (leeso-

213 1891 274 1934 rem
289 1873 400 1952 lerunt,
422 1892 486 1933 cum
501 1875 530 1933 in
545 1871 649 1953 palatio
667 1875 837 1953 spatiaretur
850 1873 1035 1954 audissetque
1051 1874 1218 1952 clamorem,

190 1974 336 2101 illidi
347 1957 893 2121 ‘rutlrrtllltlllldl
907 1957 1263 2116 ‘diuiduum

213 2125 335 2204 quisque
349 2123 437 2185 multo
452 2135 517 2186 aute
531 2135 649 2204 rogatus
664 2135 693 2187 ct
704 2125 857 2187 identidem
871 2125 1030 2187 admonitus
1039 2135 1088 2188 aut
1100 2143 1157 2187 non
1168 2145 1220 2187 ve·

212 2209 253 2268 nit
270 2218 328 2286 aut,
344 2211 370 2269 si
384 2210 474 2287 venit,
488 2212 615 2289 queritur
629 2229 663 2270 ee
680 2209 766 2289 diem,
784 2211 849 2290 quia
864 2227 921 2272 non
935 2210 1107 2289 perdiderit,
1122 2210 1220 2290 perdi·

189 2291 300 2353 odisee.
320 2292 378 2354 Sed
392 2303 469 2354 tauto
483 2295 573 2371 magis
587 2292 717 2354 laudandi
737 2293 933 2373 probandique
948 2303 1014 2355 sunt
1027 2312 1100 2374 quos
1114 2313 1131 2356 a
1146 2295 1219 2356 scri·

213 2375 298 2436 luendi
312 2376 508 2456 recitandique
519 2376 613 2440 studio
624 2377 696 2438 haec
710 2377 867 2439 auditorum
877 2377 926 2438 vel
938 2378 1046 2440 desidia
1057 2378 1105 2439 vel
1117 2396 1220 2458 super-

213 2458 258 2521 luia
268 2478 325 2522 non
340 2461 472 2522 retardat.
493 2460 633 2541 Equidem
647 2478 740 2541 prope
754 2463 858 2523 nemini
869 2462 957 2524 delui.
976 2461 1064 2524 Erant
1075 2479 1143 2523 sune
1155 2462 1261 2542 ple-25

212 2546 294 2624 rique
306 2547 403 2608 amici:
426 2563 521 2625 neque
536 2546 610 2606 enim
626 2553 672 2607 est
687 2545 750 2606 iere
765 2547 912 2625 quisquam
927 2549 975 2625 qui
991 2546 1100 2624 studia,
1115 2555 1220 2606 utnon

190 2627 296 2688 dsimul
312 2638 342 2690 et
361 2647 415 2692 nos
432 2639 516 2690 amet.
545 2628 595 2690 llis
616 2648 655 2690 ex
670 2631 763 2691 causis
777 2629 892 2708 longios
910 2647 993 2710 quem
1010 2630 1221 2692 desudaveram
1307 2691 1308 2698 ,

182 2783 184 2792 ‚
212 2719 326 2791 tempus
339 2714 367 2772 in
384 2715 457 2774 urbe
472 2714 647 2793 consumpsi.
674 2712 793 2775 Possum
806 2716 859 2775 iam
871 2725 1008 2794 repetere
1021 2732 1173 2776 secessum
1188 2723 1221 2774 et
1307 2713 1308 2758 ι

213 2796 342 2857 scribere
358 2795 463 2876 aliquid
477 2798 553 2876 quod
568 2815 625 2858 non
638 2798 774 2876 recitem,
788 2816 826 2859 ne
842 2797 957 2877 uidear,
979 2816 1099 2878 quorum
1114 2799 1220 2859 recita·

106 2906 117 2926 τ
212 2880 337 2940 tionibus
352 2879 446 2958 adfui,
466 2899 523 2942 uon
537 2881 648 2956 auditor
660 2881 751 2943 luisse
765 2883 820 2943 sed
836 2881 971 2944 creditor.
991 2881 1063 2944 llam
1079 2891 1110 2943 ut
1122 2883 1152 2942 iu
1168 2895 1262 2950 ceso

211 2965 282 3107 tparlis
297 2963 384 3026 rebus
404 2966 442 3026 ito
458 2966 490 3025 in
507 2965 638 3028 audiendi
655 2965 753 3026 cilicio
769 2969 845 3044 perit
865 2969 973 3045 gretie,
993 2969 1018 3028 si
1037 2975 1218 3046 reposcatur.

265 3065 292 3108 e·
524 3057 527 3066 .

1232 795 1250 847 5

427 3279 455 3334 c.
473 3279 601 3334 ruinius
618 3182 870 3334 coffinum
889 3280 950 3334 suo
969 3279 997 3336 s,
1225 3309 1262 3364 35

189 3391 202 3441 l
274 3380 353 3444 l’etis
366 3392 398 3442 ut
409 3384 505 3445 fratris
519 3384 560 3444 tui
581 3383 656 3444 liliae
671 3385 845 3463 prospiciam
863 3385 1006 3453 maritum
1023 3383 1100 3462 quod
1115 3339 1219 3444 melito

208 3463 276 3524 nrilri
295 3467 474 3544 potissimum
491 3468 626 3545 iniungis.
660 3467 724 3528 Scis
743 3469 818 3529 enim
839 3478 943 3547 quanto
967 3484 1057 3546 opere
1079 3484 1220 3528 summum

208 3545 288 3606 illum
305 3550 396 3608 virum
411 3552 593 3628 suspexerim
608 3549 832 3629 dilexerimque,
856 3552 960 3630 quibus
976 3549 1028 3613 ille
1047 3549 1205 3612 adulescen
