2632 4102
321 795 364 900 o.
392 749 513 900 virui„
530 795 688 878 ornem
714 791 891 875 sinuum

227 952 985 1112 ιιιιιιιιιιιιιι

479 1148 578 1204 LIBER
599 1148 735 1205 PRIMUS.

77 1322 94 1372 5
373 1404 401 1458 C.
421 1405 547 1458 PLINIUS
567 1307 707 1458 SdngICIO
727 1401 787 1456 SUO
806 1403 833 1461 S.

162 1501 342 1582 Frequenter
355 1504 483 1568 hortatus
498 1525 531 1568 es
546 1516 577 1566 ut
590 1504 744 1586 epistulas,
758 1504 783 1565 si
800 1519 869 1582 quas
884 1500 970 1582 paulo
983 1503 1132 1567 curatiusl

101 1587 303 1666 scripsissem,
325 1587 494 1668 colligerem
505 1589 746 1670 publicaremque.
783 1584 898 1664 Collegi
916 1603 973 1647 non
992 1596 1106 1650 servato

102 1673 241 1750 temporis
256 1672 354 1735 ordine
371 1673 575 1759 (nequeenim
594 1673 739 1736 historiam
755 1670 984 1752 conponebam),
1003 1670 1056 1734 sed
1076 1680 1107 1732 ut

61 1775 97 1826 10
105 1771 236 1833 quaeque
257 1758 285 1816 in
307 1775 404 1818 manus
424 1764 551 1820 venerdt.
588 1758 728 1838 Superest
747 1765 778 1816 ut
796 1773 852 1816 nec
871 1763 901 1816 te
923 1753 1035 1815 consilii
1048 1766 1129 1818 nect

103 1857 151 1898 nee
172 1842 313 1918 paeniteat
334 1841 474 1921 obsequii.
510 1840 553 1902 Ite
574 1845 648 1902 enim
668 1841 718 1903 flet
740 1850 771 1900 ut
792 1857 841 1902 eas
862 1855 934 1918 quae
950 1838 1043 1900 adhue
1056 1857 1107 1900 ne-

103 1919 218 2066 [pplome
234 1925 329 1986 iacent
342 1927 499 2006 requiram,
518 1936 549 1988 et
563 1928 587 1990 si
599 1945 673 2006 ¹*quas
685 1923 837 2003 addidero,
854 1941 911 1984 non
926 1925 1105 2004 supprimam.

156 2025 185 2066 θ,
1058 2030 1061 2036 .

588 2141 625 2204 11.

378 2240 405 2292 o.
421 2241 548 2294 enimus
563 2242 709 2295 Annmno
728 2241 789 2295 suo
806 2241 833 2297 e.

166 2339 238 2414 Quia
261 2340 414 2402 tardiorem
434 2341 586 2404 adventum
607 2353 686 2404 tuum
706 2343 871 2424 prospicio,
897 2340 1000 2402 librum
1021 2355 1129 2420 queml

104 2425 249 2505 prioribus
263 2425 396 2506 epistulis
413 2428 598 2506 promiseram
614 2426 746 2490 exhibeo.
783 2425 865 2486 Hunc
886 2443 959 2502 rogo
982 2443 1019 2484 ex
1039 2441 1107 2485 con·

102 2509 256 2572 suetudine
270 2517 318 2570 tue
333 2519 363 2571 et
376 2509 458 2589 tegas
472 2519 502 2571 et
515 2509 669 2589 emendes,
692 2527 728 2572 eo
745 2513 850 2588 magis,
866 2507 943 2588 quod
957 2507 1027 2570 nihil
1042 2517 1107 2569 ante

61 2611 252 2674 eoperaeque
268 2593 370 2655 eodem
389 2593 456 2656 stilo
478 2595 633 2674 scripsisse
647 2594 757 2668 videor.
794 2593 941 2671 Temptavi
958 2593 1032 2652 enim
1046 2594 1132 2658 imi-e
1189 2595 1201 2615 ¹

102 2679 157 2741 tari
172 2675 387 2740 Demosthenen
404 2696 519 2758 semper
534 2689 629 2757 tuum,
653 2676 772 2740 Calvum
785 2693 878 2758 nuper
897 2693 1007 2754 meum,
1029 2675 1106 2738 dum·

102 2769 179 2825 taxat
194 2761 292 2839 figuris
307 2764 456 2824 orationis:
480 2781 544 2825 nam
558 2764 616 2823 vim
632 2771 771 2824 tantorum
783 2763 908 2822 virorum
927 2761 1011 2840 peuri
1033 2778 1107 2841 qnos

104 2863 214 2926 aeffis
233 2848 334 2906 amavit
354 2845 472 2925 adsequi
491 2856 622 2925 possunt.
657 2845 720 2909 Nec
740 2847 856 2908 materia
870 2847 934 2925 ipsa
948 2844 1031 2924 huic,
1054 2853 1130 2910 vet

104 2945 172 2989 reor
183 2948 220 2990 ne
230 2930 351 3008 inprobe
362 2929 463 3008 dicam,
474 2929 653 2992 aemulationi
663 2931 847 3010 repugnavit:
859 2938 919 2992 erut
931 2931 1005 2991 enim
1016 2947 1108 3011 prope

61 3022 165 3080 25tota
177 3014 207 3072 in
221 3016 403 3075 contentione
424 3013 553 3092 dicendi,
575 3013 652 3094 quod
673 3032 720 3075 me
740 3013 846 3094 longae
868 3013 995 3075 desidiae
1014 3013 1108 3075 indor-

12 3173 13 3176 ,
104 3099 239 3158 mientem
260 3099 408 3176 expiravit,
432 3097 564 3162 simodo
585 3101 610 3160 is
628 3117 690 3160 sum
713 3117 771 3179 ego
791 3099 840 3180 qui
854 3099 972 3161 excitari
987 3099 1105 3177 possim.

12 3199 13 3232 ι
104 3178 171 3242 Non
184 3189 278 3242 tanen
294 3183 406 3242 omnino
419 3180 509 3258 darei„
521 3184 611 3244 nostri
628 3177 802 3262 λη’κύθους
816 3182 956 3262 fugimus,
974 3183 1132 3258 quotienst
1162 3183 1172 3201 “’

12 3319 15 3326 .
105 3263 220 3343 paulum
237 3267 339 3328 itinere
360 3265 504 3330 decedere
527 3285 583 3328 non
601 3269 810 3348 intempestivis
829 3265 1045 3327 amoenitatibus
1060 3263 1108 3326 ad-

103 3349 304 3411 monebamur:
318 3369 401 3412 acres
417 3353 586 3430 euincere,
603 3369 660 3412 non
672 3353 770 3413 tristes
785 3349 960 3412 volebamus.
983 3346 1047 3410 Nec
1062 3357 1133 3412 esto

64 3432 185 3514 ddqnod
199 3443 286 3513 putes
306 3453 352 3496 me
375 3437 429 3498 sub
450 3436 505 3497 hac
524 3437 697 3516 exceptione
718 3435 829 3496 veniam
843 3430 998 3512 postulare.
1037 3431 1108 3493 Nam

12 3577 13 3584 ,
106 3535 164 3600 quo
183 3521 273 3598 magis
293 3520 435 3582 intendem
450 3518 543 3580 linium
561 3529 652 3599 tuam,
674 3519 835 3580 confitebor
855 3525 885 3578 et
904 3518 998 3660 ippum
1017 3527 1109 3579 meet

149 3607 224 3663 Prnu
238 3607 287 3663 Er.

62 2187 95 2240 15
