2632 4102
491 305 726 357 PRAEFATIO.
818 265 820 271 ⁴
1127 316 1146 354 v

70 469 124 524 dice
135 466 240 531 amisso,
258 464 398 536 praesertim
417 478 472 518 eum
486 462 510 517 in
522 462 647 532 scripturis
657 461 769 518 codicum
781 461 911 518 referendis
922 461 1050 518 admodum
1062 461 1145 533 negle-

70 558 173 606 reutem
185 564 240 605 esse
251 548 359 604 Curtium
372 547 554 610 intellexissem,
578 546 731 617 praeeipuam
749 544 821 600 huius
836 546 917 616 stirpis
931 547 1072 602 memoriam
1083 545 1145 600 llar-

72 637 142 692 31333
152 679 156 700 ,
174 647 247 706 quem
258 631 421 688 Florentinum
433 630 496 695 dico,
509 630 628 686 contineri
640 629 714 685 volui.
737 645 793 684 narn
806 630 847 701 qui
859 635 982 700 praeterea
993 636 1075 686 extant
1086 644 1144 686 ceu·

71 728 124 774 tum
137 717 294 789 epistularum
307 715 417 780 codices,
438 713 455 769 11
467 727 552 770 omnes
563 713 597 768 ita
607 713 739 783 comparati
749 721 806 769 sunt
817 720 844 770 ut
854 713 913 768 alios
926 729 987 785 quos
997 713 1049 783 ipse
1060 713 1109 768 ridi
1120 719 1144 769 et

70 800 208 858 3331313331
218 815 249 855 cx
259 799 396 855 Florentino
408 799 494 856 ductos
505 812 558 854 esse
577 797 702 854 adfirmare
712 798 815 868 possim,
841 797 880 854 3111
892 811 995 868 quorum
1012 798 1144 869 scriptume

70 886 101 942 ab
108 883 244 942 editoribus
254 882 373 938 exhibitae
383 889 441 938 sunt
450 882 541 937 nullum
551 889 646 953 praeter
654 881 720 936 bunc
725 882 804 951 ipsum
816 896 887 936 usum
897 881 1010 936 babeant.
1030 887 1087 936 sunt
1101 897 1144 936 au·

70 979 122 1026 tem
133 983 196 1041 quos
205 967 257 1039 ipse
263 967 312 1022 ridi
323 965 356 1031 hi,
368 965 630 1038 beroensisBongarsii
641 964 788 1023 1363333311.
803 967 892 1022 isaeo
904 965 956 1030 llll,
964 965 1063 1021 Parisini
1071 964 1143 1038 Regii

72 1053 146 1110 8558
159 1053 251 1106 memb.
263 1051 306 1106 131.
318 1065 383 1105 saec.
397 1049 459 1115 lllV,
470 1049 628 1106 8560311331.
643 1049 763 1104 1313333.
775 1048 826 1115 XV,
842 1049 911 1108 8607
925 1049 1002 1104 chart.
1018 1050 1061 1107 iol.
1077 1065 1142 1106 saec.

73 1135 123 1201 llil,
142 1135 249 1190 Vaticani
262 1134 329 1192 1777
340 1134 384 1189 131.
395 1149 460 1190 saec.
472 1133 515 1188 xv
524 1140 549 1189 et
560 1136 630 1192 1778
638 1133 730 1188 memb.
741 1138 833 1190 4saec.
846 1133 908 1200 lllV,
924 1134 1076 1190 Laurmtiani
1089 1134 1143 1204 plu·

73 1220 109 1276 tei
120 1219 213 1284 xlvii,
227 1221 261 1276 dl
273 1217 389 1275 membl
400 1233 464 1274 saec.
476 1217 519 1272 llV
530 1225 554 1272 et
565 1221 600 1274 34
609 1217 700 1272 memb.
712 1221 796 1276 tsaee
805 1217 857 1274 xv.
870 1218 982 1290 equibus
992 1219 1013 1274 is
1023 1233 1095 1291 quem
1105 1218 1142 1274 ul-

72 1305 137 1360 timo
152 1303 208 1358 loco
219 1302 288 1373 posui
299 1301 404 1373 reliquos
415 1301 504 1369 libros,
518 1308 603 1358 octavo
617 1309 697 1356 tamen
709 1301 807 1370 omisso,
819 1301 863 1357 alia
874 1317 946 1356 manu
957 1302 1050 1358 additos
1060 1302 1133 1360 habet

140 1388 218 1458 Atque
228 1386 290 1442 baec
299 1386 330 1441 de
340 1393 438 1442 centum
450 1385 606 1456 epistularum
617 1385 756 1456 exemplari.
790 1386 855 1458 quod
875 1387 1141 1458 longocamporisspa-

74 1472 110 1526 tio
121 1471 263 1541 interposito
274 1478 330 1526 octo
336 1469 452 1526 librorum
463 1470 599 1540 exemplum
606 1471 708 1540 excepit,
721 1471 790 1526 cuius
800 1469 865 1526 nulla
875 1476 941 1525 estat
947 1471 1062 1525 memoria
1074 1483 1142 1541 prae-

74 1563 112 1610 ter
124 1553 221 1610 codices
231 1553 328 1609 saeculo
342 1554 566 1626 quintodecimum
581 1554 648 1609 ltalia
658 1555 770 1625 scriptos.
792 1564 816 1610 et
832 1570 863 1609 es
878 1553 917 1608 bis
926 1554 1023 1626 quidem
1034 1554 1141 1609 omnium

75 1639 106 1694 dc
116 1653 221 1711 quorum
230 1645 308 1694 aetate
319 1647 386 1693 certo
401 1644 495 1694 constat
506 1639 685 1710 antiquissimus
695 1637 1141 1695 33133133333111311033133113332

75 1722 273 1778 membranaceus
287 1721 340 1790 iol,
357 1724 501 1780 33331118
517 1721 547 1778 ab
565 1722 669 1778 Antonio
680 1721 748 1778 llarii
758 1721 807 1778 11113
819 1721 952 1777 llorentiae
962 1722 1073 1792 scriptus.
1093 1737 1141 1794 quo

76 1807 102 1862 m
114 1813 141 1862 31
152 1805 235 1878 primis
245 1806 335 1862 saeculi
345 1807 421 1878 quinti
433 1806 520 1864 decimi
533 1806 600 1862 aunis
609 1805 697 1862 horum
713 1806 829 1862 librorum
840 1806 987 1878 archetypon
998 1805 1141 1862 rideaturin

76 1891 168 1946 ltaliam
179 1890 283 1946 adlatum
297 1905 364 1944 esse:
376 1905 437 1962 quae
448 1890 535 1962 quibus
545 1890 669 1945 codicibus
678 1905 721 1962 per
731 1891 859 1944 maximam
869 1890 940 1946 buius
953 1890 1141 1961 saeculipartcm

75 1989 118 2030 usa
130 1981 180 2039 est,
206 1974 223 2028 ii
239 1981 281 2030 331
292 1989 323 2028 eu
339 1975 381 2030 illo
393 1982 448 2030 octo
459 1975 573 2030 librorum
584 1981 625 2028 aut
636 1989 667 2029 es
677 1974 814 2029 Florentino
825 1983 923 2030 centum
934 1973 1089 2045 epistularum
1100 1989 1142 2029 co-

76 2059 131 2114 dice
142 2059 209 2115 ducti
220 2065 285 2113 sunt.
305 2057 349 2114 sed
358 2059 445 2114 norisii
456 2065 512 2114 octo
521 2057 636 2114 librorum
648 2059 744 2114 codices
755 2065 838 2114 extant
848 2058 975 2130 permulti,
994 2073 1078 2114 omnes
1089 2058 1141 2130 qui·

75 2141 139 2210 dem,
151 2142 203 2198 sive
215 2142 294 2213 ipsum
308 2140 453 2213 archetypon
464 2142 533 2198 ualde
543 2148 684 2213 corruptum
694 2142 740 2198 luit
755 2143 807 2198 siue
815 2143 979 2216 neglegenter.
990 2141 1019 2196 ab
1029 2142 1140 2213 imperito

74 2226 171 2282 librario
182 2241 254 2298 quem
264 2226 349 2297 reliqui
358 2226 519 2297 sequebantm
528 2240 676 2298 expressum,
687 2226 792 2296 pessime
802 2228 893 2298 scripti,
905 2234 1012 2282 ceterum
1018 2226 1141 2282 communi

75 2311 177 2383 originis
189 2310 285 2366 uiuendo
296 2311 329 2366 ita
339 2309 402 2366 inter
412 2325 440 2365 se
452 2311 508 2366 noui
519 2317 546 2366 ut
562 2311 608 2366 nisi
617 2310 767 2366 librariorum
777 2311 897 2367 erroribus
907 2318 933 2366 ct
942 2311 1140 2382 interpolatorum

75 2394 248 2451 mutationibus
257 2409 306 2449 non
316 2394 447 2450 discedam.
477 2409 533 2450 nam
543 2403 709 2466 praeterquam
719 2395 783 2467 quod
796 2396 835 2451 alii
848 2395 899 2450 alis
910 2394 1031 2450 erroribus
1042 2409 1141 2464 corrup·

75 2486 128 2534 tum
138 2478 277 2549 exemplum
287 2479 440 2549 repetebant,
457 2479 532 2533 multa
546 2479 570 2534 13
581 2479 664 2549 primis
674 2478 741 2534 libris
751 2493 765 2534 c
776 2487 873 2534 centum
884 2479 1039 2549 epistularum
1050 2477 1140 2533 codici·

74 2562 120 2618 bus
130 2564 232 2626 inuecta,
243 2563 355 2618 nonnulla
364 2562 477 2618 Italorum
488 2562 631 2618 coniecturis
636 2569 722 2618 novata
732 2568 796 2618 sunt.
818 2576 896 2634 neque
907 2577 938 2618 en
946 2562 993 2617 alio
1005 2561 1141 2618 133133133-

76 2654 114 2702 tos
124 2660 179 2702 esse
189 2646 272 2702 credas
283 2652 324 2700 331
334 2645 505 2702 Laurentianos
515 2647 576 2702 duos
586 2647 661 2717 plutei
671 2645 752 2702 XLVll
764 2648 794 2702 31
810 2648 892 2710 3131,
911 2647 952 2718 qui
969 2653 1063 2717 septem
1073 2645 1140 2702 libris

76 2729 204 2802 dispositas
215 2730 329 2800 epistulas
338 2729 458 2794 3313111331,
469 2736 511 2786 331
521 2731 704 2786 Ambrosianum
714 2730 792 2796 1151,
804 2731 827 2786 in
838 2747 886 2802 quo
897 2731 1016 2802 posterior
1025 2730 1139 2800 epistula-

77 2829 129 2870 rum
143 2829 199 2884 pars
209 2813 265 2869 inde
275 2813 305 2870 ab
316 2822 399 2872 oetam
410 2815 487 2886 quinti
502 2814 555 2869 libri
569 2814 671 2883 epistula
684 2816 774 2885 scripta
786 2821 830 2870 est.
860 2830 875 2869 c
891 2814 977 2887 quibus
987 2813 1138 2870 laurentiani

77 2899 180 2970 priorem
186 2897 342 2968 epistularum
348 2905 440 2969 partem
450 2897 622 2954 exllorentino
633 2899 730 2954 ductam
741 2899 837 2966 babent,
849 2899 873 2954 13
884 2899 982 2970 reliquis
992 2899 1076 2954 ordine
1086 2913 1139 2952 mu-

77 2988 135 3047 tato,
150 2981 176 3038 id
185 2981 250 3054 quod
262 2997 311 3038 non
322 2997 376 3038 raro
386 2983 411 3037 ln
421 2981 459 3038 his
472 2982 538 3038 libris
552 2982 644 3037 lactum
654 2990 699 3048 cst,
710 2998 741 3037 eu
752 2989 808 3038 octo
820 2983 935 3039 librorum
946 2983 1069 3038 codicibus
1080 2996 1140 3052 peu·

76 3064 147 3130 13313
166 3064 858 3137 13333333331333311311333311333131133333331331
870 3066 1015 3132 libribabet,
1028 3066 1062 3122 ita
1072 3071 1139 3120 totus

76 3148 137 3205 lranc
146 3155 239 3204 sectam
248 3150 365 3222 sequitur.
380 3165 411 3206 ex
420 3150 458 3206 his
468 3145 637 3223 igitu'rltaliois
647 3151 778 3216 codicibus,
790 3166 845 3206 cum
856 3151 896 3208 alii
906 3152 937 3205 ab
948 3151 1000 3205 aliis
1009 3147 1139 3206 editoribus

76 3233 99 3288 13
116 3232 233 3290 amilium
251 3235 330 3290 rooati
345 3234 407 3300 sint,
429 3235 480 3304 ipse
497 3234 561 3306 elegi
571 3233 730 3289 Dresdensem
741 3234 771 3290 b.
783 3239 834 3292 166
842 3235 1050 3290 membranaceum
1061 3234 1137 3288 torma

74 3317 188 3388 quadrata
199 3317 307 3382 minore,
323 3318 364 3389 qui
382 3319 425 3372 tuit
437 3319 494 3374 olim
506 3317 603 3388 Caspari
614 3318 714 3374 Barthii.
747 3320 816 3374 cuius
832 3318 887 3374 libri
903 3319 1020 3387 scriptura
1036 3330 1092 3371 cum
1112 3317 1137 3370 13

76 3401 153 3472 priore
162 3400 319 3471 epistularum
328 3408 396 3471 parte
407 3401 453 3458 olla
462 3417 534 3458 manu
545 3402 576 3458 de
587 3402 698 3472 exemplo
708 3408 804 3457 centurn
815 3402 970 3472 epistularum
982 3407 1090 3456 correcta
1100 3413 1138 3454 es·

76 3491 124 3550 ret,
143 3484 177 3540 ita
187 3491 269 3540 tamen
278 3492 308 3540 31
320 3485 377 3557 quid
392 3492 461 3542 antea
472 3486 588 3556 seriptum
600 3486 685 3542 luisset
695 3487 837 3557 plerumque
847 3485 964 3557 cognosci
974 3490 1071 3555 posset,
1083 3499 1127 3539 cor

76 3575 168 3624 rectore
179 3568 294 3641 neglecto
304 3570 473 3641 solannprioris
482 3570 573 3626 librarii
582 3585 681 3625 manum
687 3569 776 3626 curavi
789 3568 880 3625 ordinis
891 3575 971 3624 autem
982 3567 1137 3640 epismlaurru
