2632 4096
232 254 502 316 EPISTULARUM
519 256 555 317 v.
588 264 626 317 14.
640 256 711 336 (ro.)
730 255 913 336 as.(1o.)1s.
1012 251 1073 316 103

88 422 189 500 alioqui
201 424 309 502 optima
321 431 351 483 et
359 423 544 484 meritissima
554 423 668 498 inuitur,
681 425 734 484 sed
744 425 840 502 longis
848 423 1070 500 magnisqueex-

86 508 259 584 perimentis.
276 504 338 566 Una
350 506 504 584 diligimus,
516 524 570 567 una
581 506 732 567 dileximus
745 525 845 567 omnes
856 507 920 567 iere
935 521 1008 581 quos
1020 522 1067 564 ae·
1081 513 1100 562 4

86 597 124 648 tus
145 598 245 649 nostra
262 591 291 648 in
313 598 435 667 utroque
451 609 524 649 sexu
545 589 729 651 aemulandos
747 590 826 658 tolit;
849 606 923 668 quae
944 588 1070 648 societas

86 673 267 731 amicitiarum
277 675 479 738 artissimanos
490 673 845 735 familiaritateconiunxii.
862 671 1096 732 Accessitvin·tt

64 755 176 814 trulum
190 755 414 816 necessitudinis
429 755 572 833 publicae.
599 755 677 816 Idem
693 759 768 818 enim
781 757 859 832 mibi,
877 763 908 816 ιιι
923 756 993 829 scis,
1010 753 1070 814 ool·

86 837 147 914 lega
164 841 246 917 quasi
261 847 331 898 voto
348 841 456 917 petitus
473 840 502 899 in
516 840 700 919 praefectura
716 841 819 900 aerarii
835 840 904 917 fuit,
925 839 979 898 luit
995 844 1025 896 et
1042 837 1071 896 in

86 921 240 982 consulatu.
258 921 327 980 l'um
336 939 394 998 ego
407 924 455 1000 qui
468 924 514 982 vir
525 932 556 982 et
567 931 688 1001 quantus
700 931 781 984 esset
792 923 931 984 altissime
942 922 1069 999 inspexi,

86 1021 142 1062 cum
159 1022 303 1082 sequerer
321 1013 351 1063 ut
365 1007 544 1083 magistrum,
560 1015 590 1064 ui
605 1015 754 1084 parentem
769 1025 902 1083 vererer,
918 1003 995 1082 quod
1011 1022 1067 1066 non

85 1093 136 1144 tam
146 1090 251 1148 aetatis
262 1089 426 1148 maturitate
442 1105 524 1166 quam
534 1091 611 1149 vitae
623 1091 798 1150 merebatur.
824 1089 875 1150 llis
886 1107 924 1149 ex
934 1089 1097 1149 causisuto

53 1168 124 1229 atilli
136 1173 178 1230 sic
193 1171 263 1230 mibi
277 1171 419 1248 gratulor,
435 1189 490 1230 nee
506 1173 638 1251 privatim
648 1175 739 1250 magis
754 1190 835 1250 quam
850 1170 977 1250 publice,
994 1170 1072 1249 quod

86 1252 190 1312 tandem
205 1254 337 1314 homines
348 1271 406 1314 non
421 1253 459 1314 ad
473 1255 613 1332 pericula,
628 1263 660 1314 ut
676 1257 768 1334 prius,
782 1273 882 1314 verum
894 1254 929 1313 ad
942 1253 1071 1313 honores

83 1339 179 1400 vinute
190 1345 372 1420 perveniunt.
393 1340 426 1401 ln
437 1343 572 1402 inlinitum
586 1340 736 1420 epistulam
751 1340 917 1416 extendam,
933 1341 957 1400 si
972 1341 1101 1418 gaudini

83 1437 142 1481 meo
161 1424 335 1503 indulgeam.
365 1424 534 1486 Praevertor
552 1423 635 1484 adea
651 1442 723 1502 quae
738 1441 785 1483 me
800 1432 931 1501 agentem
945 1423 993 1483 hic
1006 1442 1076 1483 nun-

84 1504 134 1565 tius
148 1506 345 1586 deprehendit.
377 1507 461 1570 Eram
476 1525 538 1567 cum
550 1523 706 1586 prosocero
720 1524 803 1585 meo,
825 1524 901 1568 eram
916 1525 981 1566 oum
994 1509 1102 1568 amita8

51 1591 189 1670 timoris,
205 1607 284 1653 eram
296 1611 360 1651 cum
373 1593 471 1653 ¹amisis
488 1592 534 1652 diu
551 1591 735 1668 desideratis,
753 1592 935 1651 circumibam
950 1591 1074 1668 agellos,

84 1672 222 1736 audiebam
244 1675 361 1736 multum
378 1677 545 1736 rusticarum
566 1674 773 1753 querellarum,
796 1676 921 1735 rationes
943 1673 1076 1750 legebam

85 1756 180 1818 invitus
200 1770 230 1821 et
255 1763 360 1820 cursim
375 1758 452 1836 (aliis
473 1758 547 1819 enim
569 1757 689 1836 chartis,
714 1758 776 1820 aliis
797 1776 857 1818 sum
872 1758 974 1819 litteris
987 1759 1076 1817 initia·

85 1840 321 1922 ms),ooeperam
332 1845 415 1904 etiam
427 1843 520 1902 itineri
535 1860 579 1901 me
595 1859 773 1920 praeparare.
800 1840 870 1901 Nam
884 1840 1014 1901 includor
1029 1847 1102 1901 ιιι-9

86 1926 178 1998 gustiis
195 1937 388 2004 commeatus,
410 1944 505 2005 eoque
526 1926 591 2003 ipso
613 1925 688 2003 quod
710 1925 872 2004 delegatum
887 1924 1013 1985 Comuto
1028 1941 1077 1984 au·

51 2004 126 2066 bito
140 2009 264 2070 cilicium
277 2013 333 2072 mei
348 2009 512 2070 admoneor.
532 2006 625 2086 Uupio
639 2019 668 2070 te
684 2027 799 2088 quoque
815 2007 868 2070 sub
879 2008 953 2069 idem
963 2017 1076 2088 tempus

86 2085 227 2170 Campania
241 2105 288 2155 tua
301 2097 433 2172 remittat,
447 2112 485 2153 ne
500 2094 575 2172 quis,
595 2110 658 2152 eum
672 2093 700 2152 in
716 2094 816 2153 urbem
830 2093 960 2171 rediero,
978 2102 1077 2153 contu·

85 2169 176 2236 bornio
189 2188 289 2240 nostro
305 2179 367 2240 dies
382 2188 491 2256 pereat.
522 2174 602 2237 Vale.

532 2309 566 2369 V.
631 2351 639 2370 .

53 2424 80 2478 25
281 2407 308 2459 U.
328 2407 455 2460 PLINIUS
474 2307 573 2459 adalo
590 2309 753 2458 dddl'd'ONlNO
771 2405 875 2458 SUOS.

143 2508 212 2571 cum
230 2530 333 2572 versus
354 2519 420 2572 tuos
440 2509 583 2587 aemulor,
609 2518 667 2569 tum
686 2510 804 2569 mamma
828 2527 910 2586 quam
933 2510 988 2569 sint
1011 2507 1102 2570 bonil

89 2596 222 2669 experior.
255 2594 291 2655 Ut
315 2596 388 2655 enim
418 2595 545 2672 pictores
566 2592 712 2672 pulchram
734 2591 950 2670 absolutamque
975 2591 1077 2651 faciem

89 2687 143 2734 raro
154 2680 206 2738 nisi
222 2682 251 2738 in
267 2679 349 2758 peius
364 2678 518 2756 effingunt,
534 2680 572 2738 ita
587 2693 644 2754 ego
661 2675 697 2736 ab
712 2675 769 2736 boc
783 2674 939 2754 archetypo
953 2675 1035 2736 labor
1049 2684 1079 2735 et

90 2753 190 2822 decido.
215 2761 280 2835 Quo
296 2763 384 2839 magis
398 2762 497 2822 hortor
511 2770 543 2821 ut
557 2778 640 2840 quam
657 2758 774 2838 plurima
790 2759 920 2839 proferas
935 2778 1007 2839 quae
1017 2761 1104 2819 imi-2

57 2841 133 2900 ditari
147 2861 244 2907 omnes
266 2848 487 2924 concupiscant,
506 2861 590 2906 nemo
603 2852 651 2905 aut
666 2843 829 2922 paucissimi
843 2844 963 2922 possint.
996 2842 1078 2905 Vale.

538 2977 615 3038 xvi.

318 3077 344 3126 o.
364 3078 489 3129 PLINIUS
507 3076 714 3128 uuscnmrno
733 3075 793 3127 suo
812 3076 838 3129 s

127 3173 310 3240 Tristissimus
331 3179 404 3240 haec
424 3180 475 3240 tibi
496 3181 610 3256 scribo,
637 3179 763 3241 Fundani
782 3181 872 3243 nostri
894 3179 950 3240 lilia
970 3179 1104 3241 minorel

60 3252 229 3340 mueronem,
253 3280 309 3341 qua
328 3261 426 3341 puella
439 3263 507 3323 nibil
525 3281 654 3342 umquam
670 3265 818 3340 festivius,
839 3260 1001 3338 amabilius,
1023 3277 1079 3320 nec

94 3341 167 3404 uolo
180 3345 312 3424 longiore
326 3349 383 3406 vita
393 3346 446 3408 sed
460 3364 551 3426 prope
565 3347 771 3409 immortalitate
786 3345 897 3424 dignius
913 3343 980 3403 vidi.
1002 3342 1104 3405 Non-u

95 3421 150 3486 dum
162 3447 247 3492 annos
262 3430 486 3510 quattuordecim
498 3431 679 3510 impleverat,
694 3440 724 3491 et
741 3431 795 3489 iam
809 3429 851 3488 illi
865 3426 945 3488 anilis
957 3427 1080 3506 pruden-

94 3507 141 3587 tis,
154 3514 312 3576 matronalis
327 3515 451 3592 gravitas
465 3523 542 3593 erat,
567 3525 596 3576 et
616 3525 709 3576 tamen
725 3514 848 3574 suavitas
863 3509 998 3590 puellaris
1017 3527 1081 3572 cuna
