2632 4096
401 295 663 366 EPISTULARUM
676 298 711 357 V.
731 307 756 360 4.
772 312 798 360 5.

565 448 579 509 l
623 495 630 509 .

296 546 324 599 U.
342 547 467 600 PLINIUS
483 547 568 600 IULIO
580 447 774 599 1bl'INthltlllNO
794 546 854 598 SUO
873 547 901 602 S.

157 649 217 712 Res
232 669 329 730 parm,
344 650 398 712 sed
412 653 518 712 initium
531 667 588 710 non
602 669 715 729 paruae.
732 650 784 710 Vir
794 651 952 730 praetorius
964 651 1075 714 Sollers
1087 665 1125 718 al

101 743 197 796 senatu
216 736 297 812 petiit
311 744 340 794 ut
356 736 410 796 sibi
426 737 574 796 instituere
588 735 724 796 nundinas
745 737 774 795 in
792 737 868 814 agris
883 737 942 796 suis
955 737 1101 814 permitte·

79 827 189 878 tretur:
206 817 435 879 contradixemnt
449 819 536 896 legati
550 819 759 880 Vicetinorum:
784 819 872 878 adluit
887 817 1028 880 Tuscilius
1042 819 1100 880 No·
1145 878 1147 882 ,

99 903 231 962 minatus:
247 900 330 962 dilata
352 921 437 963 cansa
458 913 512 964 est.
542 902 609 962 Alio
629 912 729 963 senatu
744 900 868 962 Vicetini
883 905 945 963 sine
961 903 1129 969 advocatos

100 986 289 1064 intraverunt,
311 985 440 1046 dixerunt
461 1005 494 1047 se
514 985 671 1065 deceptos,
693 985 803 1064 lapsine
819 987 910 1046 verbo
932 1005 967 1047 an
984 988 1048 1066 quia
1064 990 1102 1048 ita

100 1070 266 1130 sentiebant.
301 1069 468 1148 Interrogati
488 1088 504 1129 a
523 1069 639 1148 Nepote
659 1079 792 1148 praetore
818 1087 902 1150 quem
924 1069 1100 1150 docuissent,

100 1153 307 1231 responderunt
323 1171 406 1230 quem
420 1156 507 1232 prius.
537 1151 706 1232 interrogati
721 1173 754 1213 an
766 1163 833 1212 tunc
847 1155 935 1230 grans
951 1153 1099 1232 adfuisset,

67 1236 306 1315 ltrespondernnt
328 1255 381 1296 sex
399 1235 511 1298 milibus
531 1254 685 1295 nummum:
711 1255 746 1296 an
766 1254 863 1295 rursus
881 1235 985 1313 allquid
1007 1236 1100 1298 dedIs·

102 1328 179 1398 sent,
196 1319 327 1380 dixerunt
343 1320 421 1382 mille
443 1322 583 1381 denarios.
606 1318 707 1399 Nepos
722 1319 875 1399 postulavit
890 1329 920 1378 ut
934 1317 1099 1381 Nominatus

102 1402 287 1464 induceretur.
310 1403 454 1465 Hactenus
469 1405 518 1464 illo
534 1403 590 1464 die.
617 1403 675 1463 Sed
690 1414 821 1484 quantum
837 1419 972 1480 auguror,
987 1402 1127 1481 longiusd

102 1504 145 1547 res
158 1485 299 1566 procedit.
332 1487 403 1548 Nam
417 1488 554 1567 pleraque
568 1497 642 1548 tacta
657 1496 763 1548 tantum
780 1496 809 1547 et
830 1488 942 1547 omnino
960 1497 1100 1548 commota

103 1568 234 1632 latIssime
252 1581 381 1651 serpunt.
410 1571 496 1633 Erexi
514 1591 596 1633 aures
612 1581 684 1632 tuas.
715 1570 866 1643 Quamdiu
883 1588 957 1630 nunc
973 1579 1126 1650 oportet,4

68 1667 96 1718 15
104 1670 179 1731 quam
191 1655 295 1715 blande
310 1673 397 1734 roges
410 1666 439 1716 ut
452 1656 561 1735 reliquo
575 1654 751 1732 cognoscas!
769 1657 794 1716 si
805 1665 897 1715 tamen
911 1671 967 1713 non
981 1665 1047 1715 ante
1062 1656 1100 1715 ob

103 1735 170 1798 baec
189 1741 255 1819 Ipsa
273 1741 389 1802 veneris
408 1739 526 1802 Romam
546 1749 749 1817 spectatorque
773 1737 905 1798 malueris
926 1755 993 1799 csse
1018 1756 1100 1817 quam

103 1819 199 1882 lector.
235 1820 318 1882 Vale.

581 1921 615 1982 V.

316 2018 345 2072 U.
363 2019 487 2070 PLINIUS
504 2019 600 2072 NUNIO
620 2020 750 2072 MAXIMO
768 2019 828 2070 SUO
848 2019 873 2069 S.

69 2129 98 2181 io
156 2120 318 2182 Nuntiatum
330 2121 396 2182 milri
412 2132 458 2183 est
472 2122 504 2182 U.
523 2123 657 2184 Fannium
672 2123 849 2199 decessisse,
866 2124 913 2200 qui
929 2124 1042 2182 nuntius
1053 2139 1125 2191 mel

104 2207 176 2281 gravi
192 2205 293 2267 dolore
308 2205 451 2284 confudit,
472 2208 609 2285 primum,
633 2206 710 2285 quod
724 2209 812 2267 amavi
826 2206 967 2266 homtnem
984 2205 1099 2282 elegan-

104 2297 157 2348 tem
169 2288 317 2366 disertum,
329 2289 443 2366 deinde,
455 2289 532 2368 quod
543 2290 647 2351 iudicio
661 2292 722 2351 eins
735 2292 777 2350 uti
786 2290 927 2374 golebam.
945 2288 1014 2348 Erat
1026 2290 1100 2348 eninr

105 2381 197 2434 acutus
212 2382 325 2451 natura,
341 2392 395 2434 usn
410 2375 594 2452 exercitatus,
608 2375 728 2434 veritate
743 2373 980 2452 promptissimus.
1012 2371 1125 2448 Angits

105 2471 146 2514 ms
161 2459 316 2536 superista
337 2475 421 2518 casus
438 2459 543 2534 ipsius:
559 2458 687 2518 decessit
701 2459 791 2518 reteri
805 2465 994 2530 testamento,
1008 2455 1101 2513 omisit

72 2549 173 2616 toquos
192 2542 312 2602 manime
334 2539 487 2618 diligebat,
510 2551 682 2620 prosecutus
702 2549 747 2600 est
765 2539 866 2616 quibus
878 2539 1015 2600 offensior
1029 2545 1099 2596 erat.

107 2621 159 2682 Sed
171 2623 227 2685 boc
243 2633 397 2701 utcumque
412 2623 578 2701 tolerabile,
599 2626 713 2702 gravius
737 2621 825 2699 illud,
846 2622 922 2700 quod
943 2619 1100 2700 pulcherri-

106 2721 174 2765 mum
188 2726 262 2786 opus
277 2708 466 2786 inperlectnm
479 2707 603 2786 reliquit.
632 2705 766 2780 Quamvis
781 2707 855 2766 enim
872 2704 990 2783 agendis
1006 2705 1127 2769 ermina

107 2787 333 2868 ustmngeremr,
348 2791 492 2853 scribebat
513 2801 606 2852 tamen
625 2793 719 2851 exitus
741 2791 902 2850 occisorum
920 2799 968 2850 aut
987 2787 1100 2866 relega-

108 2879 193 2932 torum
207 2893 223 2934 a
238 2873 365 2952 Nerone,
380 2884 410 2934 et
425 2877 479 2934 iam
492 2885 552 2936 tres
567 2874 656 2936 libros
671 2874 845 2952 absolverat,
859 2873 980 2934 subtiles
995 2883 1024 2933 et
1039 2871 1101 2932 dili·

75 2955 204 3031 thsntes
218 2967 249 3018 et
262 2957 375 3019 latinos
389 2955 482 3036 adque
497 2961 572 3020 iuter
586 2975 746 3020 sermonem
761 2957 963 3035 historiamque
979 2955 1099 3030 medios,
1114 3001 1116 3004 -

110 3055 141 3098 ac
158 3050 234 3102 tanto
249 3044 339 3120 magis
360 3041 488 3120 reliquos
514 3043 656 3121 perlicere
683 3042 816 3121 cupiebat
843 3049 946 3120 quanto
967 3041 1101 3117 trequen-

111 3123 160 3183 tIns
174 3125 201 3184 bi
218 3125 426 3188 lectitabantur.
447 3125 515 3187 Mibi
529 3136 621 3186 autem
635 3126 747 3186 ridetur
764 3125 869 3186 acerbo
883 3141 999 3201 semper
1014 3131 1043 3181 et
1059 3122 1126 3182 irs-4

112 3215 208 3268 natura
222 3227 298 3270 mors
315 3226 414 3270 eornm
429 3213 476 3289 qui
491 3209 647 3270 immortale
657 3209 763 3287 aliquid
776 3217 883 3287 parant.
906 3205 976 3264 Nam
990 3206 1038 3284 qui
1050 3220 1101 3263 vo·

113 3286 256 3365 luptatibus
278 3292 365 3354 dediti
385 3295 465 3372 quasi
482 3295 510 3352 in
531 3291 605 3352 diem
623 3295 721 3353 vivunt
740 3291 853 3352 vivendi
874 3306 974 3350 causas
996 3285 1101 3348 cotidie

79 3370 215 3445 uminum
238 3378 285 3455 qui
304 3394 376 3438 vero
390 3387 526 3456 posteros
544 3376 669 3454 cogitant
682 3385 713 3436 et
727 3376 890 3435 memoriam
905 3373 948 3432 sui
963 3370 1100 3450 operibus

114 3459 276 3538 extendunt,
297 3460 341 3521 his
362 3459 438 3520 nnlla
451 3477 527 3522 mors
542 3477 599 3520 non
609 3460 756 3539 repentina
772 3466 834 3534 est,
855 3465 885 3518 ut
897 3473 970 3533 quas
985 3470 1101 3532 semper

115 3537 264 3604 inchoatum
276 3543 381 3622 ailquid
396 3543 549 3621 abrumpat.
573 3541 658 3604 Unius
673 3541 787 3622 quidem
801 3538 922 3600 Fannius
935 3537 1012 3619 quod
1025 3537 1125 3599 acci-5
