2616 4096
230 225 632 370 simoniacus-ue.
650 238 940 354 [nasas-nn]
1026 267 1089 338 aon

93 421 243 499 rarissima,
256 423 363 501 preces
377 405 488 483 nostras
504 421 667 483 inhaerere·
694 422 767 498 Quia
787 434 880 486 tamen
891 428 930 486 fin
945 426 1001 487 hoc
1017 445 1088 506 quo·

94 517 143 584 qne
157 504 313 584 indulsisti,
329 502 470 568 admoneo
484 504 566 566 simul
582 516 611 567 et
626 509 747 586 inpense
768 521 843 587 rogo
860 518 893 569 ut
911 511 1087 571 AttinmSu·

93 607 145 650 ram
157 598 287 668 praetura
301 603 439 651 exornare
454 588 598 668 digneris,
620 608 684 651 eum
703 590 786 654 loeus
807 603 902 655 vacet.
916 594 988 654 ¹Ad
1003 608 1111 674 quam*
1145 609 1147 614 ’

94 691 167 753 spen
185 673 290 752 alioqui
310 675 515 752 quietissimum
537 674 666 735 donatur
693 684 723 736 et
747 676 880 739 natalium
899 677 1038 756 splendor
1057 689 1088 738 et

71 763 190 820 osumma
204 759 351 835 integritas
365 757 395 816 in
411 767 581 836 paupertate
596 767 627 818 et
645 767 710 822 ante
726 761 819 821 omnia
832 761 960 822 felicitas
974 770 1087 840 tempo-

92 859 162 917 rum,
181 859 255 921 quae
273 842 375 902 bonam
390 842 593 904 concientiam
607 843 711 904 civium
725 854 836 905 tuorum
851 846 887 906 ad
900 863 982 906 usnrn
996 845 1088 906 indut-

92 928 196 1003 gentiae
210 935 276 986 tuae
290 934 429 1006 provocat
440 935 470 987 et
485 924 596 987 attollit.

484 1059 563 1120 xus.
582 1057 682 1140 [vnn]

61 1188 86 1240 ω
308 1156 335 1208 C.
354 1155 479 1208 PLINIUS
494 1156 638 1208 TRAIANO
656 1157 864 1210 IMPERATORI.

147 1258 216 1320 Gum
237 1262 342 1336 sciam,
365 1260 495 1339 domiue,
516 1260 552 1321 ad
572 1262 766 1321 testimoninm
786 1260 957 1341 laudemque
977 1279 1088 1323 morum

89 1359 207 1404 neorunr
226 1346 372 1423 pertinere
395 1354 451 1405 um
469 1345 545 1405 boni·
559 1344 698 1424 principis
719 1343 824 1405 indicio
846 1348 995 1423 exornari,
1014 1363 1087 1426 rogo

90 1427 209 1504 dignitati
230 1427 268 1488 ad
289 1445 373 1507 qnam
393 1446 439 1488 me
460 1429 591 1508 provexit
606 1427 781 1506 indulgentia
798 1438 844 1491 tua
857 1428 906 1490 vel
923 1440 1089 1510 auguratum

89 1511 132 1570 rel
145 1514 396 1592 septemviram,
412 1515 478 1590 quia
494 1521 613 1590 vacant,
630 1511 744 1573 adicere
760 1512 904 1592 digneris,
919 1524 950 1576 nt
966 1517 1028 1576 iure
1043 1533 1089 1578 sa·

58 1609 84 1662 15
91 1596 202 1658 cerdotii
221 1599 335 1677 precari
352 1596 423 1657 deos
438 1614 491 1675 pro
506 1605 535 1658 te
555 1596 672 1677 publice
687 1599 812 1675 possim,
835 1614 909 1677 quos
926 1617 1001 1661 nune
1023 1617 1088 1678 pre-

91 1696 137 1740 oor
149 1683 257 1759 pietate
275 1683 391 1760 privata.

472 1780 565 1844 xuu.
588 1781 703 1863 [vnn]

304 1881 331 1931 G.
348 1879 472 1932 PLINIUS
487 1881 636 1934 TRAIANO
655 1878 865 1932 IMPERATORI.

146 1984 293 2046 Victoriae
313 1994 398 2062 tuae,
417 1987 523 2064 optime
541 1987 713 2064 imperator,
729 1986 866 2046 maximae
881 1984 1089 2064 pulcherrimae

56 2071 296 2149 mmdquissimae
312 2078 342 2128 et
361 2077 411 2128 tuo
432 2069 546 2130 nomine
562 2078 592 2130 et
605 2071 649 2128 rei
667 2067 802 2149 publicae
816 2068 945 2147 gratulor
959 2069 1089 2148 deosque

88 2152 246 2215 inmortales
267 2171 374 2234 precor
390 2160 422 2212 ut
440 2169 539 2213 omnes
561 2155 750 2230 cogitationes
770 2162 833 2214 tuas
852 2162 909 2214 tarn
928 2153 1021 2216 iaetus
1043 2172 1090 2214 so-

90 2248 183 2314 quatur
200 2246 340 2314 eventus,
362 2245 392 2295 ut
411 2237 564 2297 virtutibus
585 2239 669 2298 tantis
684 2235 776 2315 gloria
799 2238 909 2317 imperii
925 2248 955 2298 et
970 2247 1092 2298 novetur

90 2330 115 2381 et
127 2331 274 2400 augentur.

482 2402 544 2465 XV.
565 2401 693 2484 [XXVI]

56 2497 83 2551 25
306 2501 333 2552 G.
353 2500 479 2552 PLINIUS
493 2501 639 2554 TRAIANO
659 2503 868 2583 importuosi.

148 2604 221 2678 Quia
246 2605 376 2684 ooniido,
399 2604 527 2682 domiue,
549 2605 585 2665 ad
605 2623 699 2665 curans
716 2615 792 2666 tuam
806 2607 969 2685 pertinere,
991 2604 1099 2684 nuntio

90 2688 136 2748 tibi
145 2708 190 2751 me
200 2688 350 2770 Ephesum
365 2707 430 2750 curu
446 2689 575 2750 omnibus
589 2691 662 2749 meis
676 2679 763 2768 ὑπὲρ
774 2683 918 2750 Μαλέαν
927 2688 1089 2766 navigasse.

91 2770 219 2845 Quamvis
238 2775 386 2836 contrariis
399 2775 492 2834 ventis
504 2781 644 2850 retentus,
660 2791 734 2833 nune
749 2771 861 2834 destino
876 2774 976 2853 partim
990 2771 1090 2833 orariis

90 2859 202 2919 navibus
219 2859 321 2939 partim
333 2856 475 2919 vehiculis
493 2858 667 2936 provinciam
680 2867 793 2937 petere.
819 2857 891 2918 Nasu
906 2860 981 2919 sicut
995 2858 1091 2919 itineri

55 2948 189 3020 watenes
204 2951 303 3003 aestus
317 2944 354 3003 ita
370 2941 520 3008 continuae
534 2942 706 3019 navigationi
720 2944 828 3004 etesiae
841 2942 1022 3004 reluctantur.

467 3075 543 3138 xvr.
567 3075 709 3156 [xxva]

423 3173 587 3227 TRAIANUS
601 3173 708 3226 PLINIO
726 3175 753 3228 S.

146 3274 240 3338 Recte
254 3276 431 3353 renuntiasti,
447 3278 485 3336 mi
500 3274 633 3338 Secunde
649 3277 805 3337 carissime.
827 3273 952 3335 Pertinet
969 3275 1043 3332 emm
1057 3271 1092 3332 ad

56 3361 207 3420 caninum
218 3378 310 3421 meum
326 3359 402 3440 quali
421 3363 522 3422 itinere
540 3361 573 3421 in
588 3361 762 3440 provinciam
777 3358 938 3438 pervenias.
966 3353 1091 3417 Pruden-

92 3451 134 3502 ter
147 3454 240 3506 autem
253 3447 402 3506 constituis
415 3446 527 3506 interim
537 3446 656 3506 navibus
669 3444 778 3504 interim
789 3440 930 3503 vehiculis
942 3443 994 3519 uti,
1009 3450 1093 3519 prout
1137 3521 1140 3526 Ι

91 3523 155 3588 lora
169 3531 318 3592 suaserint.
