2614 4104
206 287 269 352 252
636 285 669 348 0.
691 285 789 347 I’Lllll

206 463 269 513 τοις
294 443 402 521 gratius
414 450 508 500 tamen
522 438 599 517 quod
613 440 719 500 sensim
734 447 763 500 et
778 438 908 518 placide,
924 448 954 498 et
965 448 1099 518 quantum
1113 457 1220 520 respe·
1289 440 1290 532 l

209 529 342 588 cuntium
356 525 438 586 turba
459 531 622 602 pateretur,
642 520 811 600 incederes,
834 522 910 601 quod
932 524 1144 582 occursantium
1164 541 1221 603 po·
1289 557 1290 572 ι

208 610 292 691 pulos
309 619 337 670 te
352 625 486 688 quoque,
501 616 531 666 te
546 606 630 666 immo
643 607 762 667 maxime
776 615 899 683 artaret,
922 605 998 685 quod
1012 608 1104 686 primo
1122 609 1221 668 statim

210 695 254 756 die
270 694 343 755 latus
357 702 435 753 tuum
451 689 586 751 crederes
603 689 742 750 omuibus.
763 688 866 769 Neque
882 692 957 750 euiru
972 692 1093 768 stipatus
1106 689 1221 752 satelli·

208 788 267 838 tum
282 794 380 852 manu,
406 773 459 835 sed
474 773 663 835 circumfusus
678 772 802 852 undique
815 791 891 833 nunc
906 783 1021 835 senatus
1035 791 1111 833 nuuc
1125 789 1243 853 eque-5
1290 760 1291 840 l

208 864 275 923 stris
288 859 393 919 ordinis
410 859 498 934 llore,
513 867 598 936 prout
613 856 776 918 alterutrum
787 857 964 936 frequentiae
977 876 1068 935 genus
1080 855 1219 920 invaluis-

209 954 272 1022 set,
293 942 413 1002 silentes
430 941 602 1020 quietosque
619 940 736 1002 lictores
752 950 818 1002 tuos
836 941 1068 1020 subsequebare:
1085 959 1150 1001 uam
1165 945 1218 1002 mi·

207 1027 274 1088 lites
303 1025 372 1086 nihil
393 1044 410 1086 a
431 1024 519 1104 plebe
541 1024 636 1085 babitu
657 1022 858 1104 tranquillitate
877 1024 1015 1085 modestia
1035 1024 1216 1087 differebant.
1291 1078 1292 1097 ,

209 1111 264 1172 Ubi
278 1127 350 1170 aero
365 1109 490 1188 coepisti
504 1105 676 1189 Capitolium
690 1107 866 1185 ascendere,
891 1125 974 1187 quam
988 1107 1063 1168 laeta
1082 1109 1218 1171 omnibus
1291 1115 1292 1118 ’

208 1193 369 1272 adoptionis
388 1203 454 1254 tuae
473 1192 649 1253 recordatio!
685 1208 768 1271 quam
788 1189 934 1270 peculiare
956 1191 1088 1270 gaudium
1111 1209 1217 1253 eorum
1227 1203 1259 1255 1⁰

208 1281 256 1359 qui
271 1288 300 1338 te
313 1279 394 1357 primi
409 1275 513 1338 eodem
526 1276 594 1337 loeo
609 1277 799 1336 salutaverant
813 1274 1025 1355 imperatorem!
1042 1274 1218 1348 Quinetiam

208 1362 291 1423 deum
305 1364 397 1440 ipsum
411 1370 479 1422 tunc
493 1362 674 1439 praecipuam
687 1359 863 1439 voluptatem
875 1361 972 1438 operis
984 1359 1028 1421 sui
1041 1361 1218 1440 percepisse
1292 1399 1293 1418 ι

208 1444 385 1506 crediderim.
414 1443 451 1504 Ut
474 1443 587 1522 quidem
601 1444 692 1505 isdem
706 1444 836 1521 vestigiis
851 1444 976 1504 institisti
991 1443 1093 1522 quibus
1108 1461 1217 1522 parens

207 1539 272 1589 tuus
291 1530 393 1605 ingens
414 1526 486 1586 illud
505 1526 623 1587 deorum
644 1527 805 1606 prolaturus
826 1542 975 1605 moenum,
1003 1545 1076 1605 quae
1092 1529 1216 1588 circum·

207 1613 338 1673 stantium
357 1609 472 1688 gaudia!
498 1628 581 1689 quam
600 1629 705 1673 recens
728 1611 848 1672 elamor!
875 1629 956 1690 quam
976 1610 1076 1672 similis
1090 1610 1134 1671 illi
1151 1611 1215 1674 dies
1224 1619 1254 1671 15

208 1697 256 1776 qui
267 1696 342 1756 bunc
353 1696 450 1773 genuit
462 1693 551 1756 dieuss
565 1705 595 1756 ut
611 1694 695 1774 plena
709 1695 859 1773 altaribus,
875 1704 993 1773 angusta
1007 1695 1131 1755 victimis
1147 1715 1217 1756 cun·
1293 1763 1294 1768 η

211 1779 271 1841 cta!
296 1782 370 1840 utin
385 1781 467 1840 unius
482 1779 601 1840 salutem
617 1778 720 1840 collata
741 1782 863 1839 omnium
878 1777 958 1840 vota!
983 1796 1046 1839 oum
1061 1779 1116 1840 sibi
1132 1799 1166 1840 se
1181 1798 1217 1841 ao

207 1863 308 1926 liberis
325 1866 384 1924 suis
401 1863 603 1942 intellegerent
614 1863 726 1943 precari
738 1880 812 1941 quae
826 1880 880 1943 pro
890 1872 920 1923 te
931 1873 1126 1942 precarentur.
1144 1863 1217 1924 lude

208 1956 239 2006 tu
258 1949 287 2006 in
304 1946 437 2025 palatium
454 1947 584 2025 quidem,
616 1946 667 2008 sed
683 1964 719 2007 co
734 1947 830 2025 vultu,
859 1966 894 2008 ea
907 1946 1118 2024 moderatione,
1142 1957 1176 2008 ut
1190 1951 1215 2009 si

207 2031 344 2109 privatam
358 2029 469 2089 domum
484 2040 617 2108 peterem
635 2031 772 2130 ceteriql
787 2041 906 2111 penates
921 2049 990 2094 suos
1005 2033 1145 2111 quisque,
1161 2033 1252 2094 ire-to
1294 2033 1295 2094 3

155 2108 198 2172 24
208 2122 321 2174 naturus
340 2113 435 2190 gaudii
451 2113 551 2192 iidem,
573 2117 622 2176 ubi
639 2115 716 2175 nulla
729 2118 889 2178 necessitas
905 2115 1046 2194 gaudendi
1063 2126 1119 2178 est.
1136 2115 1215 2178 One·

205 2205 300 2259 nasset
323 2195 407 2257 ulium
431 2197 590 2259 eiusmodi
612 2201 755 2269 introitus;
791 2209 821 2260 tu
844 2199 948 2261 cotidie
972 2199 1165 2260 admirabilior
1186 2211 1215 2262 et

206 2281 324 2360 melior,
349 2281 413 2342 telis
433 2282 556 2362 denique
576 2283 676 2363 quales
696 2283 743 2344 alii
760 2285 906 2363 principes
927 2284 1037 2344 iuturos
1057 2300 1091 2344 se
1106 2293 1217 2344 tautum

207 2365 389 2446 pollicentur.
411 2365 509 2427 Solum
520 2385 591 2446 ergo
604 2378 634 2428 te
649 2367 825 2430 commendat
836 2376 979 2447 augetque
993 2370 1130 2447 temporis
1147 2386 1215 2446 spa·

205 2453 282 2512 tium.
305 2450 421 2511 lunxisti
437 2454 512 2511 enim
526 2470 559 2512 uc
573 2453 710 2512 miscuisti
727 2469 775 2511 res
786 2451 1011 2528 diversissimas,
1027 2449 1253 2513 securitatemffi

207 2534 275 2594 olim
292 2536 457 2614 imperantis
472 2544 501 2597 et
517 2537 679 2615 incipientis
694 2534 842 2614 pudorem.
862 2534 927 2596 Non
940 2544 970 2595 tu
984 2536 1088 2596 citium
1103 2535 1215 2615 ample·

205 2637 259 2680 xus
277 2617 312 2680 ad
332 2619 423 2698 pedes
438 2627 503 2680 tuos
518 2619 652 2700 deprimis
666 2637 722 2678 nec
736 2618 865 2680 osculum
884 2637 965 2679 manu
980 2618 1091 2680 reddis:
1117 2629 1216 2680 manet

205 2701 1214 2865 titillabit,illibabilis,ltilzltmtdllul

206 2878 236 2929 te
250 2867 318 2928 nihil
332 2871 364 2928 io
377 2871 442 2948 ipso
453 2880 482 2930 te
497 2870 608 2932 fortuna
620 2873 745 2932 mutarit.
767 2868 898 2930 Liberum
909 2879 954 2931 est
965 2870 1144 2948 ingrediente
1158 2873 1252 2952 perit

206 2951 352 3031 publicum
363 2955 495 3031 principe
508 2955 682 3033 subsistere,
695 2971 866 3032 occurrere,
881 2956 1022 3030 comitari,
1035 2957 1212 3034 praeterire:

205 3035 331 3097 ambulas
345 3037 419 3096 inter
434 3054 504 3115 nos,
520 3056 576 3098 non
592 3040 671 3115 quasi
689 3040 851 3115 contingas;
866 3047 894 3098 et
909 3040 1021 3118 copiam
1035 3039 1091 3116 tui,
1106 3055 1167 3098 uon
1181 3048 1213 3100 ut

204 3123 335 3202 inputes,
361 3121 441 3183 iacis.
475 3121 580 3182 Haeret
596 3121 677 3183 lateri
691 3131 741 3182 tuo
757 3124 884 3200 quisquis
900 3125 1040 3200 accessit,
1066 3123 1212 3200 finemque

205 3208 329 3266 sermoni
347 3224 415 3267 suus
432 3209 535 3286 cuique
551 3206 660 3286 pudor,
675 3223 731 3266 non
745 3214 793 3266 tua
810 3206 945 3284 superbia
960 3206 1038 3267 lacit.
1071 3204 1212 3284 Regimur

205 3289 318 3368 quidem
332 3299 388 3351 ate
402 3299 431 3350 et
441 3291 564 3352 subiecti
576 3290 643 3368 tibi,
658 3289 710 3350 sed
728 3289 961 3368 quemadmodum
972 3288 1084 3368 legibus
1099 3307 1208 3351 sumus.
1218 3294 1250 3348 3⁵

203 3370 274 3432 Nam
289 3381 318 3432 et
332 3372 398 3435 illae
414 3374 584 3451 cupiditates
599 3383 711 3434 nostras
727 3372 917 3453 libidinesque
932 3371 1128 3449 moderantur,
1157 3391 1210 3434 no·

203 3454 314 3514 biscum
324 3465 417 3518 tamen
429 3465 459 3518 et
472 3459 609 3518 internos
624 3465 781 3517 versantur.
803 3455 935 3533 Emines,
953 3455 1093 3535 excellis,
1110 3466 1141 3516 ut
1156 3457 1210 3517 bo·

203 3553 273 3616 nor,
288 3549 319 3598 ut
329 3551 479 3614 potestas,
503 3560 577 3617 qnae
591 3559 680 3620 super
694 3539 823 3600 homines
839 3539 968 3620 quidem,
984 3539 1125 3600 bominum
1140 3549 1209 3600 sunt
