2614 4104
212 285 276 350 244
634 288 668 351 G.
690 288 788 351 rnlrtl

210 439 440 502 ¹vindicaverunt:
455 441 555 502 horum
568 458 658 520 opus,
673 441 773 503 borum
788 440 858 502 illud
871 442 1032 520 imperium
1046 438 1147 501 Nerva
1160 449 1222 501 tsn-

211 533 271 584 tum
284 525 414 584 minister
427 525 494 585 iuit:
508 527 607 603 otique
623 527 670 604 qui
684 525 832 604 adoptaret
847 535 905 585 tam
920 526 1012 603 paruit
1027 542 1110 604 quam
1125 533 1156 584 tu
1172 527 1221 602 qui
1293 529 1294 606 i

211 607 402 687 adoptabaris.
434 606 536 668 Adlata
550 618 610 668 erat
626 626 663 668 ex
677 607 818 669 Pannonia
832 607 939 686 laurea,
954 607 982 668 id
997 608 1151 684 agentibus
1166 607 1222 668 diis
1293 609 1294 658 i

207 701 243 752 ut
257 692 354 752 invicti
365 692 541 768 imperatoris
553 701 682 752 exortum
692 693 830 754 victoriae
841 693 952 769 insigne
963 691 1123 752 decoraret.
1140 689 1222 751 Hunc

211 777 364 854 imperator
378 772 473 834 Nerva
487 777 515 834 in
530 777 639 852 mensio
652 773 728 836 lovis
745 775 927 853 conlocarat,
948 793 1011 835 cum
1031 783 1154 855 repente
1169 785 1244 837 ιιι-5

211 858 263 919 lito
283 860 371 919 maior
390 866 419 917 et
439 860 602 937 augustior,
623 857 762 920 advocata
776 860 918 919 homiuum
934 861 1068 919 contione
1085 857 1221 918 deorum·

212 960 286 1021 que,
308 951 338 1001 te
355 939 441 1000 filium
456 940 527 1018 sibi,
551 940 608 1002 boc
623 951 668 1002 est
682 943 797 1003 unicum
818 942 949 1002 auxilium
964 942 1051 1003 fessis
1066 942 1156 1002 rebus
1169 942 1221 1002 ad-

212 1025 341 1103 sumpsit.
377 1023 446 1084 inde
458 1026 538 1101 quasi
553 1024 675 1105 depositi
689 1028 800 1104 imperii
816 1045 871 1106 qua
885 1027 1040 1087 securitate
1055 1043 1110 1104 qua
1124 1024 1220 1102 gloria
1293 1071 1294 1082 ,

213 1107 307 1168 laetus
328 1108 407 1188 (nam
428 1107 590 1186 quantulum
603 1109 693 1170 reiert
711 1109 837 1189 deponas
854 1128 888 1170 ιιι
903 1111 1031 1189 partiaris
1046 1105 1220 1186 imperium?

211 1192 266 1252 nisi
280 1190 357 1270 quod
371 1190 513 1253 difficilius
529 1192 585 1254 hoc
600 1196 674 1270 est),
696 1211 753 1253 non
768 1211 854 1254 secus
869 1212 903 1254 ιι
919 1193 1064 1272 praesenti
1079 1193 1130 1253 tibi
1146 1194 1218 1252 inni·
1231 1207 1259 1258 td

210 1293 281 1354 xus,
307 1277 362 1337 tuis
376 1277 481 1336 umeris
496 1295 529 1337 se
546 1276 721 1355 patriamque
736 1285 918 1354 sustentans,
945 1278 1137 1352 tuaiuvents,
1165 1285 1218 1337 tuo
1293 1283 1294 1344 i

210 1359 316 1421 robore
333 1356 458 1420 invaluit.
481 1359 580 1420 Statim
595 1360 724 1421 consedit
738 1360 983 1422 omuistumultus.
1011 1357 1076 1419 Nou
1086 1358 1219 1438 adoptio·
1293 1353 1294 1448 i

211 1444 255 1504 uis
276 1459 349 1522 opus
370 1443 445 1504 istud
459 1443 526 1520 fuit,
552 1443 605 1503 sed
618 1443 757 1522 adoptati:
784 1454 868 1524 atque
883 1442 955 1504 adeo
975 1453 1086 1504 tenuere
1105 1442 1219 1504 iecerat
1293 1452 1294 1524 t

211 1525 323 1603 Nerva,
340 1527 364 1586 si
378 1526 544 1604 adoptasset
559 1524 651 1586 alium.
682 1527 805 1589 Obiitine
822 1546 918 1588 sumus
933 1537 965 1588 ut
980 1545 1071 1606 nuper
1087 1537 1156 1605 post
1169 1526 1217 1586 ad·
1293 1525 1294 1580 i

212 1610 358 1688 optionem
376 1627 433 1670 uon
454 1610 571 1671 desierit
592 1610 711 1687 seditio,
738 1611 791 1673 sed
814 1607 966 1690 coeperit?
1005 1610 1256 1692 lpritaruentum15

211 1693 288 1756 istud
301 1696 403 1754 irarum
424 1703 453 1755 et
472 1693 520 1756 ιιι(
534 1694 669 1756 tumultus
684 1696 802 1773 fuisset,
823 1697 877 1756 uisi
891 1693 1037 1755 incidisset
1052 1696 1080 1754 in
1095 1703 1136 1756 ιι.
1173 1695 1219 1754 Αι
1293 1697 1294 1790 p

213 1779 326 1839 dubium
341 1787 428 1839 estut
444 1777 510 1839 dare
522 1789 625 1858 posset
635 1779 782 1858 imperium
797 1781 950 1858 imperator
964 1779 1012 1856 qui
1026 1778 1218 1839 reverentiam
1293 1795 1294 1890 p

212 1864 343 1922 amiserat
363 1863 530 1923 auctoritate
554 1864 616 1923 eius
639 1863 774 1924 effectum
794 1865 839 1924 cui
856 1858 991 1923 dabatur?
1024 1860 1114 1921 Simul
1130 1860 1217 1938 iilius,

213 1944 294 2006 simui
310 1943 433 2021 Caesar,
448 1963 515 2006 mox
529 1947 682 2025 imperator
696 1956 725 2008 et
734 1963 859 2018 ,consors
874 1945 1041 2007 tribuniciae
1052 1947 1217 2024 potestatis,

213 2036 243 2088 ιι
264 2029 355 2089 omnia
380 2031 488 2106 pariter
508 2039 538 2089 et
559 2031 652 2090 statim
672 2030 765 2091 iactus
786 2049 836 2107 es,
868 2048 941 2109 quse
960 2031 1091 2108 proxime
1111 2038 1256 2107 pareusbo

181 2117 299 2180 9verus
320 2118 425 2171 tautum
445 2112 474 2171 in
492 2110 610 2172 alterum
632 2113 718 2173 filiurn
741 2114 870 2175 contulit.
912 2112 1046 2191 Magnum
1068 2112 1126 2173 boc
1152 2122 1218 2173 tuae
1293 2153 1294 2188 ,

212 2194 413 2257 moderationis
428 2194 574 2274 indicium,
598 2197 675 2277 quod
687 2215 744 2257 non
759 2198 851 2259 solum
865 2213 1021 2260 successor
1034 2197 1150 2274 imperii
1166 2195 1218 2256 sed

212 2281 358 2360 particeps
374 2281 458 2340 etiarn
471 2282 627 2360 sociusque
641 2280 782 2360 placuisti.
818 2280 887 2342 Nam
909 2297 1082 2358 successor,
1106 2280 1219 2340 etiarnsi

211 2363 296 2442 nolis,
312 2364 459 2426 habendus
473 2374 534 2434 est;
548 2382 604 2426 non
618 2373 664 2426 est
678 2365 824 2427 habendus
839 2367 955 2442 socius,
969 2365 1023 2424 nisi
1037 2363 1121 2424 velis.
1147 2361 1219 2424 Gre-

212 2448 317 2510 dentue
338 2450 447 2528 posteri
467 2450 585 2526 patricio
604 2458 634 2510 et
656 2448 798 2510 consulari
819 2459 849 2510 ιι
862 2447 1022 2527 triumphali
1038 2457 1120 2527 patre
1136 2449 1256 2525 geni-st

210 2543 287 2612 tum,
314 2551 379 2592 curn
397 2532 582 2594 fortissimum
594 2532 799 2611 amplissimum
812 2535 1030 2595 amantissimum
1045 2533 1089 2592 sui
1103 2533 1219 2592 exerci-

211 2625 270 2676 tum
293 2626 426 2696 regeret,
456 2618 655 2696 imperatorem
676 2634 732 2677 uon
753 2618 789 2678 ab
810 2617 939 2678 exercitu
959 2611 1083 2676 iactum?
1111 2614 1220 2690 eidem,

213 2719 277 2760 curn
295 2698 461 2762 Germaniae
481 2700 676 2780 praesideret,
698 2697 856 2762 Germanici
876 2717 982 2760 nomeu
996 2698 1063 2759 binc
1077 2695 1220 2759 missum?
1293 2757 1294 2790 ,

211 2782 280 2843 nihil
294 2785 387 2862 ipsum
400 2794 431 2845 ut
445 2785 598 2862 imperator
612 2785 694 2846 iieret
707 2782 852 2862 agitasse?
867 2783 936 2845 nihil
953 2783 1061 2845 iecisse
1072 2784 1127 2842 nisi
1140 2782 1220 2861 quod
1293 2801 1294 2820 ι

211 2867 313 2927 meruit
330 2877 360 2929 et
375 2864 488 2946 paruit?
520 2866 638 2929 Paruisti
653 2869 743 2945 enim,
769 2867 892 2945 Caesar,
920 2878 949 2929 et
969 2867 1004 2928 ad
1026 2867 1258 2946 principatumtd
1293 2863 1294 2890 ³

212 2951 352 3028 obsequio
367 2952 539 3028 pervenisti,
554 2951 680 3032 nihilque
693 2954 782 3030 magis
798 2962 854 3014 ιιι
869 2952 993 3013 subiecti
1007 2951 1098 3012 animo
1111 2950 1222 3009 iactum

212 3044 258 3096 est
274 3053 357 3113 quarn
370 3034 447 3114 quod
462 3036 602 3113 imperare
618 3037 749 3116 coepisti.
772 3034 828 3096 lam
844 3034 966 3113 Caesar,
981 3037 1035 3095 ism
1050 3036 1221 3113 imperator,

210 3122 265 3180 iam
290 3117 493 3197 Germanicus,
516 3119 622 3181 absens
642 3129 672 3180 et
692 3123 823 3199 ignarus,
856 3129 885 3180 et
906 3128 973 3198 post
994 3127 1070 3179 ιιιιι
1092 3119 1220 3193 nomba,

211 3214 343 3282 qnantum
359 3203 394 3265 ad
408 3213 438 3265 te
453 3204 594 3284 pertinet,
613 3205 748 3281 privatus.
778 3202 911 3282 Magnum
921 3201 1084 3277 videretur,
1101 3203 1126 3260 si
1138 3201 1221 3261 dice·

211 3305 272 3348 rem
288 3286 413 3350 Nescisti
427 3298 457 3349 te
472 3289 669 3367 imperatorem
683 3288 818 3349 iuturum:
840 3306 904 3349 eras
918 3289 1088 3365 imperator,
1104 3295 1134 3346 et
1149 3302 1219 3345 esse
1228 3293 1258 3348 at

211 3381 241 3432 ιι
258 3373 421 3433 nesciebas.
441 3370 479 3432 Ut
493 3389 563 3432 vero
577 3371 613 3431 ad
628 3381 657 3431 te
672 3371 801 3432 fortunae
815 3381 881 3432 ιιιι
896 3372 1008 3431 nuntius
1019 3371 1114 3446 venit,
1129 3367 1220 3429 male·
1293 3359 1294 3434 i

211 3453 264 3516 bas
280 3455 393 3531 quidem
406 3454 463 3514 boc
479 3474 546 3516 esse
563 3454 639 3534 quod
654 3455 766 3532 rueras,
788 3454 839 3516 sed
859 3473 917 3515 non
933 3464 992 3516 erat
1006 3452 1135 3514 liberum.
1173 3451 1220 3512 Αιι
1293 3457 1294 3532 i

211 3552 268 3594 uou
282 3537 485 3616 obsequereris
502 3539 624 3616 principi
641 3538 729 3613 civis,
745 3536 858 3615 legatus
872 3539 1050 3617 imperatori,
1075 3535 1148 3596 illius
1165 3553 1219 3615 pa·
