2614 4104
404 316 670 380 rrunorarcus
685 328 801 408 aas,
1029 319 1091 383 aaa

84 471 130 530 Ao
147 489 183 530 nc
201 468 269 530 illud
287 469 400 549 quidem
415 486 519 531 vereor
533 489 569 530 ne
584 481 681 548 gratus
696 473 860 550 ingntusve
873 470 988 550 videar,
1009 481 1094 551 prout

84 556 156 614 satis
177 563 223 612 aut
243 568 342 632 parurn
362 553 470 612 dixero.
506 553 707 615 Animaduerto
726 555 801 614 enim
822 555 906 614 etium
922 553 993 615 deos
1011 558 1092 634 ipsos

83 656 144 698 non
157 647 212 698 tam
227 638 367 697 accuratis
382 636 555 697 adorantium
571 638 704 715 precibus
719 655 802 717 quarn
813 640 973 699 innocentia
985 647 1015 698 et
1028 657 1090 698 san·

51 716 59 725 '
85 724 184 782 ctitate
201 720 315 798 laetari,
331 720 542 800 gratioremque
557 722 707 782 existimari
724 723 772 800 qui
788 721 914 782 delubris
931 738 1028 782 eorum
1040 740 1091 800 pu·

52 809 145 865 brom
166 813 327 882 castamque
343 811 467 863 ruentem
489 820 572 882 quam
592 806 640 883 qui
653 804 815 865 meditatum
830 823 943 865 carmen
957 805 1091 865 intulerit.

85 887 146 949 Sed
165 887 320 966 parendum
337 897 382 947 est
402 896 518 948 senatus
535 888 684 966 consulto,
710 905 767 968 quo
785 908 822 949 ex
838 888 959 951 utilitate
976 884 1125 968 publicat

85 972 193 1051 placuit
214 980 244 1031 ut
265 970 392 1032 consulis
413 987 487 1030 voce
502 971 556 1030 sub
572 972 654 1032 titulo
668 974 819 1049 gratiarum
837 973 1008 1049 agendarum
1024 973 1105 1046 honi

84 1057 232 1136 principes
251 1072 324 1133 quae
337 1055 466 1114 lacerent
480 1066 743 1134 recognoscerent,
761 1055 826 1116 mali
842 1074 916 1135 quae
932 1056 1028 1117 lacere
1041 1056 1090 1117 de·

86 1141 196 1200 herent.
230 1138 263 1198 ld
275 1155 348 1198 nunc
364 1155 400 1198 eo
413 1139 504 1216 magis
520 1137 658 1200 sollemne
675 1156 710 1198 ae
724 1141 919 1200 necessarium
936 1149 997 1218 est,
1015 1140 1091 1218 quod

37 1233 75 1285 10
86 1239 191 1302 parens
203 1231 304 1282 noster
318 1222 441 1300 privatas
455 1223 605 1298 gratiarum
619 1223 748 1283 actiones
761 1222 876 1282 cohibet
886 1231 916 1282 et
931 1226 1089 1302 conprimit,

84 1309 295 1366 intercessurus
318 1307 402 1366 etiarn
423 1304 564 1384 publicis,
589 1306 614 1364 si
634 1307 811 1384 permitteret
826 1306 880 1366 sibi
900 1314 998 1366 uetare
1015 1306 1091 1383 quod

84 1398 201 1451 senatus
216 1389 337 1450 iuberet.
379 1387 553 1466 Utrumque,
577 1387 848 1468 Caesarlluguste,
870 1388 1033 1466 moderate,
1059 1398 1089 1449 et

86 1472 163 1553 qnod
182 1472 249 1532 alibi
271 1474 322 1532 tibi
344 1474 448 1550 gratias
469 1474 515 1549 agi
534 1489 591 1534 non
612 1475 681 1533 sinis
703 1481 731 1532 et
753 1471 829 1551 quod
850 1472 897 1532 hic
912 1474 990 1537 sinis.
1025 1472 1089 1533 Nou

85 1559 161 1618 enirn
175 1575 192 1616 a
207 1567 236 1617 te
251 1559 315 1636 ipso
330 1557 379 1616 tibi
393 1555 485 1616 honor
497 1558 551 1616 iste
567 1556 620 1617 sed
634 1557 669 1617 ab
684 1557 835 1633 egentibus
850 1556 979 1617 habetur.
1002 1554 1089 1618 Cedis

40 1643 76 1696 15
85 1639 246 1702 adfectibus
258 1642 379 1716 nostris,
397 1658 453 1701 nec
466 1641 549 1700 nobis
565 1657 680 1700 munera
694 1649 740 1700 tua
752 1639 917 1717 praedicare
929 1639 981 1700 sed
992 1641 1088 1700 audire

83 1724 135 1784 tibi
150 1741 274 1785 necesse
288 1733 344 1786 est.

148 1808 243 1887 Saepe
259 1824 317 1887 ego
333 1823 460 1884 mecum,
482 1816 578 1885 patres
595 1809 766 1887 conscripti,
790 1808 891 1867 tacitus
906 1808 1009 1885 agitari
1022 1826 1088 1887 qua·

83 1892 143 1953 lem
166 1900 355 1970 quantumque
376 1908 443 1950 esse
465 1900 613 1970 oporteret
635 1892 716 1951 cuius
737 1890 843 1951 ditione
864 1901 989 1970 nutuque
1004 1892 1088 1951 maria

85 1984 181 2035 terrae
196 1993 253 2053 pax
272 1975 347 2036 bella
361 1983 544 2052 regerentur3
570 1992 633 2036 cum
647 1977 754 2035 interea
770 1975 886 2051 fingenti
901 1975 1088 2053 formantique

39 2059 153 2120 tomihi
169 2060 326 2137 principem
347 2076 432 2137 quem
445 2068 566 2137 aequata
581 2059 635 2119 diis
650 2058 842 2128 inmortalibus
858 2067 986 2138 potestas
1002 2058 1087 2119 deee-

83 2150 130 2203 ret
153 2159 302 2221 numquam
324 2150 394 2202 uoto
422 2140 521 2202 saltem
545 2144 699 2221 concipere
721 2143 861 2204 succurrit
882 2143 1002 2203 similem
1023 2142 1088 2202 huic

84 2243 170 2306 quem
185 2224 321 2286 videmus.
352 2225 459 2286 Euituit
470 2224 572 2304 aliquis
584 2227 612 2285 in
628 2226 723 2304 bello,
739 2226 792 2287 sed
804 2227 948 2287 obsolevit
961 2228 989 2286 in
1001 2243 1087 2305 pace:

82 2310 168 2370 alium
183 2319 265 2388 toga,
281 2309 405 2371 sednon
420 2317 450 2369 et
465 2327 540 2370 arma
557 2310 755 2371 honestarunt:
770 2313 958 2370 reverentiam
968 2308 1018 2368 ille
1031 2319 1088 2369 ter·

82 2412 167 2472 rore,
196 2393 267 2454 alius
287 2409 411 2454 amorem
430 2392 587 2453 humilitate
608 2395 744 2472 captavit:
770 2392 820 2452 ille
841 2395 997 2470 quaesitam
1013 2391 1088 2452 dorni

41 2477 204 2556 hogloriam
217 2479 244 2537 in
262 2477 396 2556 publico,
423 2476 470 2537 hic
485 2479 513 2536 in
528 2476 645 2556 publico
661 2486 768 2555 partam
783 2476 858 2536 domi
873 2475 1010 2557 perdidit:
1035 2492 1087 2555 po·

82 2557 191 2624 stremo
210 2559 301 2622 adhuc
317 2578 400 2622 nemo
416 2561 508 2620 extitit
526 2562 606 2620 cuius
621 2563 741 2622 virtutes
754 2559 833 2620 nullu
852 2561 984 2620 vitiorum
1000 2559 1087 2619 conh-

82 2648 132 2706 nio
147 2644 336 2706 laederentur.
369 2645 408 2705 At
423 2645 545 2724 principi
561 2653 660 2704 nostro
675 2653 776 2723 quanta
792 2644 1088 2722 concordiaquantus·

82 2748 140 2808 que
161 2737 317 2789 concentus
333 2730 456 2789 omnium
472 2726 584 2788 laudum
598 2729 746 2806 omnisque
760 2727 870 2804 gloriae
886 2725 1019 2805 contigit!
1051 2726 1087 2788 Ut

81 2811 153 2872 nihil
171 2807 318 2874 seueritati
332 2814 394 2873 eius
408 2809 565 2888 hilaritate,
581 2811 650 2870 nihil
664 2813 793 2889 gravitati
805 2809 1003 2890 simplicitate,
1019 2809 1087 2870 nihil

41 2898 223 2966 somniestatr'
237 2895 406 2956 humanitate
424 2893 590 2955 detrahitur!
626 2895 685 2954 lam
701 2895 832 2970 limitas,
853 2897 908 2955 iam
929 2897 1087 2972 proceritas

84 2981 232 3060 corporis,
248 2983 301 3040 iam
316 2979 409 3040 honor
423 2979 524 3055 cupitis
540 2988 568 3037 et
585 2978 706 3057 dignitas
723 2981 798 3056 oris,
813 2979 848 3039 ad
863 2979 919 3040 hoo
933 2980 1031 3040 aetatis
1047 2979 1087 3037 in·

82 3064 195 3125 deflexa
209 3066 351 3123 maturitas
366 3081 421 3124 nec
437 3064 499 3122 sine
515 3061 635 3140 quodam
650 3080 767 3122 munere
783 3062 867 3124 deum
884 3062 1024 3123 festinatis
1040 3078 1086 3119 se·
1196 3107 1199 3112 e

80 3149 206 3208 nectutis
227 3147 384 3224 insignibus
404 3145 439 3206 ad
454 3145 611 3222 aagendam
626 3147 804 3207 maiestatem
820 3155 915 3205 ornata
931 3145 1085 3220 caesaries,

81 3244 176 3291 noune
190 3230 278 3308 longe
294 3230 409 3310 lataque
428 3231 588 3307 principem
612 3227 774 3290 ostentant?
802 3227 899 3287 'lolem
917 3245 983 3287 esse
1000 3237 1117 3304 opor-5

41 3325 72 3378 35
81 3317 133 3376 tuit
148 3331 232 3394 quem
247 3332 303 3374 non
318 3314 393 3375 bella
409 3313 502 3373 civilia
516 3331 571 3374 nec
586 3315 669 3373 armis
684 3329 824 3392 oppressa
838 3329 887 3371 res
904 3309 1019 3389 publica
1033 3310 1086 3371 sed

81 3415 137 3478 pax
152 3407 183 3458 et
196 3397 312 3477 adoptio
325 3406 355 3458 et
369 3397 481 3458 tandem
496 3406 611 3456 exorata
625 3398 711 3457 terris
726 3396 837 3455 numina
854 3393 1009 3456 dedissent.
1041 3394 1086 3452 An

80 3483 123 3544 las
140 3490 201 3542 erat
217 3481 285 3541 nihil
300 3481 415 3543 dilierre
429 3485 504 3541 inter
513 3483 713 3560 imperatorem
725 3495 811 3557 quero
820 3476 949 3538 homines
961 3486 990 3538 et
1002 3495 1086 3556 quem

80 3563 293 3626 didiscissent?
309 3583 426 3645 quorum
439 3562 551 3644 quidem
570 3568 597 3625 in
611 3573 656 3640 te,
673 3560 774 3624 Cacsar
790 3561 936 3706 hugrpste,
953 3560 1084 3621 iudicium

121 3656 196 3709 Pano
209 3653 260 3709 Er.
842 3646 859 3706 1
