2632 4102
223 276 246 337 4
652 271 685 332 G.
707 268 805 332 Pthl

225 427 340 486 territus
357 423 544 504 adprehendit
561 421 718 485 Caecilium
734 421 879 502 Celerem,
897 438 963 482 mox
977 420 1094 482 Fabium
1108 419 1228 502 lustum,

224 518 307 587 rogat
321 518 353 570 ut
364 523 412 568 me
427 509 482 569 sibi
493 507 691 570 reconcilient.
713 506 777 568 Nec
790 514 951 583 contentus,
968 507 1099 584 persenit
1109 504 1145 565 ad
1155 505 1229 585 Spu·
1308 511 1309 582 ι

225 595 346 653 rinnam:
361 591 428 653 huic
441 591 628 671 suppliciter,
649 602 680 653 ut
696 599 741 652 est
753 609 816 652 curn
826 593 906 651 timet
922 590 1150 667 abiectissimus,
1170 595 1229 648 ἰο-
1308 609 1309 636 ι

225 683 276 755 go'
293 678 383 755 inquit
403 679 496 735 ‘mane
510 675 608 735 videas
622 675 741 735 Plinium
756 675 842 753 domi,
858 673 911 734 sed
925 673 1011 753 plane
1021 691 1103 734 manc
1119 673 1227 753 (neque
1308 679 1309 740 ι

225 762 299 822 eninr
314 760 417 820 diutius
432 760 509 820 ferre
523 756 743 819 sollicitudinem
752 757 896 838 possum),
911 766 941 819 et
958 757 1168 836 quoquomodo
1183 757 1256 816 ιιι-5

204 845 308 906 9hcias
330 862 367 903 ne
386 843 453 903 mihi
473 843 632 902 irascatur'.
662 842 886 920 Evigilaveram:
904 843 1016 902 nuntius
1038 859 1054 900 a
1073 841 1229 919 Spurinna:

226 929 323 988 ‘venio
344 925 379 986 ad
399 931 451 986 ιε’.
476 923 575 984 ‘Immo
598 943 655 1004 ego
674 925 709 986 ad
725 933 777 987 ιε’.
812 923 927 986 Coimus
943 927 973 984 in
993 926 1104 1003 porticu
1122 923 1228 1002 Liviae,

227 1029 291 1070 cum
311 1009 385 1070 alter
403 1008 442 1069 ad
461 1009 579 1070 alterum
599 1009 791 1088 tenderemus.
819 1007 947 1088 Exponit
964 1007 1070 1086 Reguli
1090 1007 1229 1085 mandata,

226 1094 301 1155 addit
316 1112 421 1173 preces
435 1110 512 1169 suas,
529 1101 559 1152 ut
575 1092 696 1154 decebat
713 1085 848 1172 optimum
860 1094 951 1152 virum
963 1108 1016 1170 pro
1032 1090 1228 1170 dissimillimo,

184 1191 322 1258 loparce.
352 1174 405 1236 Cui
420 1193 476 1255 ego
491 1176 664 1254 dispicies'
655 1195 718 1255 rpse
736 1177 803 1256 quid
822 1173 1036 1237 renuntiandum
1049 1174 1163 1253 Regulo
1178 1193 1231 1254 pu·
1242 1187 1278 1238 10

226 1272 286 1323 tes:
303 1271 333 1322 ιε
347 1261 443 1340 decipi
459 1279 534 1321 ame
549 1269 742 1341 uonoportet
764 1259 897 1340 Expecto
911 1257 1079 1320 blauricum'
1092 1258 1232 1337 (nondum

225 1347 261 1406 ab
273 1345 363 1406 exilio
378 1346 525 1422 venerat):
543 1343 621 1405 ideo
633 1344 704 1404 nihil
718 1343 900 1406 alterutram·
891 1363 919 1403 ιιι
932 1353 1043 1423 partem
1052 1343 1231 1442 respondere

225 1429 276 1489 tibi
290 1445 419 1508 possum,
433 1427 560 1488 facturus
577 1427 711 1508 quidquid
725 1426 776 1489 ille
790 1428 966 1498 decreverit;
983 1425 1062 1487 illum
1077 1429 1151 1487 enim
1163 1446 1232 1488 esse

185 1526 217 1578 11
225 1513 307 1572 huius
324 1511 436 1572 consilii
460 1511 579 1590 ducem,
606 1527 653 1573 me
669 1513 803 1573 comitem
819 1510 927 1572 decet'.
960 1511 1071 1572 Paucos
1086 1520 1153 1590 post
1169 1511 1231 1571 dies

226 1599 290 1678 ipse
302 1613 351 1656 me
364 1593 495 1673 Regulus
514 1596 654 1656 convenit
670 1597 698 1656 in
712 1597 854 1675 praeter‘u
871 1595 983 1656 officio:
1004 1594 1077 1656 illuc
1092 1600 1277 1674 persecu-15

225 1691 271 1741 tus
286 1688 431 1741 secretum
450 1681 538 1759 petit:
559 1681 598 1740 ait
617 1681 718 1740 timere
736 1697 769 1740 se
786 1698 823 1741 ne
841 1681 934 1740 auimo
953 1696 1018 1740 ιιιεο
1034 1681 1147 1758 penitus
1162 1678 1231 1739 bae·

225 1773 304 1824 reret
318 1763 394 1843 quod
407 1765 436 1822 in
451 1762 645 1824 centumvirali
658 1763 764 1824 iudicio
779 1763 927 1842 aliquando
949 1764 1085 1841 dixisset,
1108 1781 1170 1823 curn
1184 1781 1231 1822 re·

226 1847 383 1926 sponderet
395 1847 463 1908 milri
479 1856 508 1908 et
522 1848 615 1908 Satrio
628 1847 716 1925 liufo,
733 1846 853 1909 ‘Satrius
864 1846 966 1926 Ruius,
984 1848 1031 1908 cui
1042 1857 1154 1908 nonest
1166 1865 1231 1907 cnm

227 1928 369 1994 Cicerone
381 1929 541 2007 aemulatio,
557 1939 587 1992 et
601 1933 649 2010 qui
661 1940 813 1993 contentus
825 1940 870 1992 est
884 1930 1047 2011 eloquentia
1060 1931 1168 1992 saeculi
1178 1949 1231 1991 no·

187 2021 218 2073 12
227 2017 301 2075 stri’.
323 2013 472 2094 Respondi
486 2032 561 2075 nunc
574 2032 620 2074 mc
637 2014 810 2094 intellegere
824 2015 947 2095 maligne
959 2015 1075 2093 dictum,
1093 2017 1158 2094 quia
1167 2016 1278 2094 ipsene

228 2099 428 2168 confiteretm
457 2108 586 2158 ceterum
602 2101 732 2178 potuisse
755 2099 942 2161 honorificum
964 2101 1125 2161 existimari.
1165 2097 1231 2160 ‘Est

227 2184 313 2240 enim’
328 2184 439 2261 inquam
455 2182 533 2242 ‘mibi
548 2200 611 2242 curn
627 2181 770 2244 Cicerone
784 2183 946 2262 aemulatio,
963 2202 1019 2246 nec
1035 2201 1098 2244 sum
1113 2191 1231 2244 conten·

186 2270 219 2324 13
226 2275 272 2326 tus
285 2264 451 2344 eloquentia
465 2264 573 2327 saeculi
588 2269 688 2328 nostri.
720 2266 791 2327 Nam
810 2267 1006 2330 stultissimum
1020 2266 1107 2328 credo
1122 2266 1158 2327 ad
1171 2269 1231 2327 imi·

225 2349 340 2410 tandum
353 2368 410 2410 non
423 2351 530 2430 optima
543 2369 675 2430 quaeque
692 2369 866 2432 proponere.
893 2351 952 2412 Sed
962 2361 1011 2429 ts,
1028 2353 1075 2430 qui
1091 2351 1173 2412 huius
1189 2353 1232 2412 iu-

227 2433 293 2495 dicii
314 2435 484 2512 meministi,
511 2453 562 2496 cur
578 2433 654 2496 illius
675 2435 781 2498 oblitus
803 2456 837 2498 es
857 2437 886 2496 in
906 2453 963 2515 quo
985 2454 1031 2496 me
1050 2437 1234 2514 interrogasti
1243 2446 1277 2500 25

226 2516 295 2597 quid
311 2516 346 2578 de
363 2516 433 2580 tien
449 2516 573 2580 Modesti
584 2520 691 2598 pietate
702 2517 875 2582 sentireml'
897 2519 1044 2600 Expalluit
1057 2519 1234 2598 notabiliter,

226 2604 355 2681 ιιιιιιιιινίι
370 2602 477 2680 palleat
491 2621 618 2682 semper,
636 2613 665 2664 et
680 2603 902 2666 haesitabundus
918 2605 1113 2684 interrogavi,
1129 2621 1186 2664 non
1203 2613 1236 2663 ut

231 2685 283 2746 tibi
297 2702 444 2764 nocerem,
459 2686 512 2747 sed
528 2695 559 2746 ut
573 2685 729 2748 Modesto?
748 2688 820 2750 Vide
831 2688 951 2750 hominis
963 2686 1169 2767 crudelitatem,
1185 2690 1235 2768 qui

186 2777 220 2830 14
232 2787 266 2829 se
286 2785 343 2828 non
358 2768 517 2832 dissimulet
536 2769 613 2830 exuli
633 2788 740 2833 nocere
754 2772 891 2834 voluisse.
924 2773 1072 2834 Subiunxit
1084 2774 1236 2850 *europiam

227 2869 356 2913 causarn:
374 2855 513 2932 ‘scripsit’
526 2855 614 2934 inquit
629 2857 668 2916 ‘in
679 2855 803 2935 epistula
816 2856 944 2936 quadam
961 2875 1034 2935 quae
1048 2856 1122 2937 apud
1134 2855 1235 2918 Donni-
1244 2869 1278 2923 ιιι

227 2938 333 2996 tianum
355 2937 474 2998 recitata
497 2947 560 3017 est,
589 2937 750 3019 Regulus,
782 2943 905 3002 omnium
929 2940 1066 3021 bipedum
1087 2941 1235 3018 nequissi-

185 3025 329 3083 15mus’'·
323 3021 433 3099 ,quod
447 3021 561 3102 quidem
574 3021 889 3088 Modestusverissime
904 3027 1070 3104 scripserat.
1096 3023 1151 3084 llic
1169 3025 1234 3086 iere

224 3105 311 3166 nobis
325 3107 465 3167 sermonis
475 3109 622 3169 terminus.
644 3107 747 3188 Neque
763 3112 840 3170 enim
854 3107 934 3169 volui
950 3109 1087 3189 progredi
1102 3106 1233 3187 longius,
1308 3065 1309 3160 l

225 3197 257 3250 ut
271 3187 341 3248 mihi
357 3188 554 3253 omuialibera
569 3209 730 3272 servarem,
746 3193 812 3254 dum
826 3192 1073 3256 blauricusreuit.
1107 3191 1171 3254 Nec
1185 3209 1234 3253 me
1308 3195 1309 3257 l

225 3275 364 3351 praeterit
386 3292 453 3336 esse
472 3273 615 3353 Regulum
632 3238 912 3358 dogndtlctpssov:
934 3287 981 3340 est
1001 3279 1077 3339 enim
1095 3275 1277 3356 locupleeta

225 3357 382 3436 factiosus,
399 3367 515 3420 curatur
530 3378 547 3420 a
560 3359 673 3438 multis,
692 3361 808 3423 timetur
823 3380 840 3423 a
856 3361 1005 3441 pluribus,
1020 3359 1235 3441 quodplerum-
1308 3391 1309 3394 ι

226 3457 283 3519 que
299 3405 403 3506 tontis
419 3459 516 3504 amore
530 3453 586 3506 est.
606 3443 813 3508 Potesttamen
829 3447 890 3507 lieri
906 3455 937 3508 ut
948 3446 1020 3508 baec
1031 3463 1177 3508 concussa
1191 3445 1232 3506 la·
1308 3453 1309 3496 ι

187 3523 336 3588 labantur.
359 3526 429 3586 Nam
443 3529 533 3624 qratia
546 3527 685 3588 malorum
699 3538 754 3590 mm
769 3531 852 3591 inlida
869 3540 915 3591 est
930 3548 1013 3610 quam
1026 3532 1094 3610 ipsi.
1113 3528 1233 3608 Verum,
1308 3515 1309 3600 ι

1308 3631 1309 3694 l

1308 3701 1309 3750 l
