2632 4096
350 281 614 344 EPISTULARUM
627 281 691 343 1111.
712 292 739 345 4.
754 293 781 346 5.
792 293 819 348 6.
835 291 861 348 ⁷·
1068 282 1111 346 69

105 436 205 496 studiis
227 436 346 506 excolo;
371 453 405 496 ac
425 438 480 497 iam
496 452 614 515 possum
633 436 684 496 tibi
705 445 736 496 ut
752 435 814 495 aliis
835 437 864 495 in
886 434 960 496 locis
977 436 1110 496 horreum

106 519 219 598 plenum
233 522 277 581 sic
290 521 329 581 ihi
346 521 480 581 scrinium
494 519 657 580 ostendere.
690 518 780 597 Igitur
794 527 825 578 tu
841 535 975 598 quoque,
990 521 1015 580 si
1030 529 1135 585 certat

21 675 25 686 ,
103 604 299 748 ῧιᾶιὶιῖιιοιιιοειι
320 602 435 684 praedia
457 605 658 682 concupiscis,
683 601 788 682 aliquid
808 605 836 663 in
851 603 909 663 hoc
925 601 1009 664 litore
1031 621 1108 682 para.

84 782 99 832 ⁵
572 781 668 881 vul

330 917 358 972 G.
377 917 504 970 PLINIUS
522 919 620 970 (temo
637 917 754 970 LEPIDO
773 917 834 970 SUO
854 917 881 971 S.

163 1023 259 1105 Saepe
274 1023 324 1086 tihi
342 1023 407 1085 (lico
422 1024 520 1085 inesse
534 1025 590 1082 vim
607 1019 730 1102 Regulo.
760 1021 862 1083 llirum
882 1033 928 1085 est
946 1040 1029 1103 qnam
1045 1023 1131 1090 elii-1

104 1111 156 1170 ciat
169 1111 199 1168 in
214 1108 293 1188 quod
307 1107 443 1168 incubuit.
465 1106 573 1168 Placuit
589 1107 617 1168 ei
631 1107 735 1185 lugere
751 1106 852 1175 lilium;
867 1107 949 1186 luget
964 1118 994 1168 ut
1007 1125 1109 1168 nemo·

71 1192 208 1272 loplacuit
230 1201 338 1254 statuas
359 1193 421 1252 eius
445 1198 475 1252 et
493 1192 631 1270 imagines
654 1210 735 1271 quarn
757 1190 891 1271 plurimas
911 1191 1027 1262 iacere;
1051 1191 1109 1253 lroc

105 1277 232 1338 omnihus
247 1277 370 1336 cilicinis
385 1277 459 1354 agit,
476 1273 555 1334 illum
570 1275 734 1352 coloribus,
749 1273 827 1334 illum
842 1292 919 1352 cera,
935 1273 1014 1335 illum
1027 1293 1107 1354 aere,

104 1359 180 1421 illum
194 1371 326 1440 argento,
342 1358 422 1420 illum
436 1377 517 1437 auro,
533 1359 634 1438 chore,
650 1376 789 1418 marmore
805 1357 925 1436 effingit.
955 1356 1023 1437 lpse
1037 1369 1135 1420 veron

105 1462 193 1524 nuper
212 1443 342 1506 adhibito
361 1445 468 1521 ingenti
490 1443 627 1504 auditorio
641 1443 743 1506 libmm
763 1442 799 1503 de
815 1445 873 1502 vita
889 1444 951 1503 eius
965 1443 1108 1522 recitavit,

107 1525 140 1588 ‹le
160 1530 218 1589 uita
238 1529 337 1609 pueri:
361 1529 492 1588 recitavit
513 1537 621 1598 tamem
644 1525 765 1589 eundem
784 1528 814 1587 in
839 1525 1010 1606 exemplaria
1030 1525 1109 1588 mille

71 1615 319 1692 retransscriptum
335 1629 388 1689 per
410 1619 497 1672 totam
514 1611 622 1672 ltaliam
643 1611 862 1691 provinciasque
886 1610 997 1672 dimisit.
1031 1609 1109 1670 Scri·

105 1698 159 1775 psit
174 1695 295 1776 publice
310 1704 341 1755 ut
362 1713 379 1754 a
401 1694 602 1756 decurionibus
619 1695 776 1774 eligeretur
790 1693 989 1755 vocalissimus
1006 1693 1108 1772 aliquis

106 1799 141 1840 ex
153 1781 224 1860 ipsis
240 1781 289 1859 qui
307 1779 421 1856 legeret
439 1796 505 1839 eum
519 1779 646 1860 populo:
669 1777 774 1839 lactum
791 1788 846 1839 est.
877 1776 958 1838 llanc
974 1777 1025 1838 ille
1038 1779 1134 1856 uim‚3

106 1883 154 1923 seu
172 1881 229 1943 quo
245 1863 303 1923 alio
321 1865 433 1923 nomine
451 1862 579 1923 vocanda
600 1871 645 1924 est
662 1863 780 1923 intentio
796 1860 931 1940 quidquid
945 1860 1018 1922 velis
1034 1863 1107 1940 opti·

106 1945 197 2026 nendi,
213 1947 238 2008 si
255 1945 291 2007 ad
305 1948 417 2026 potiora
430 1947 578 2024 vertisset,
594 1955 727 2026 quantum
740 1945 808 2006 honi
822 1945 940 2006 efficere
952 1943 1108 2024 potuisset!

70 2029 280 2112 litQuamquam
291 2033 382 2091 minor
394 2031 438 2091 vis
453 2029 536 2092 honis
554 2048 636 2110 quam
646 2030 726 2091 malis
740 2033 826 2108 inest,
844 2046 878 2090 ac
892 2031 967 2091 sicut
981 2019 1108 2108 ἀμαθία

105 2109 164 2192 μὲν
175 2109 307 2196 θράσος
318 2109 477 2194 λογισμὸς
487 2107 524 2174 δὲ
536 2103 640 2175 ὄκνον
652 2109 765 2194 φέρει,
783 2116 822 2174 ita
835 2123 914 2175 recta
929 2115 1044 2192 ingenia
1058 2112 1108 2174 de·

106 2197 193 2260 hilitat
213 2199 402 2277 uerecundia,
424 2216 563 2277 perversa
580 2199 725 2260 continuat
743 2197 868 2258 audacia.
900 2196 1044 2276 Exemplo
1061 2206 1135 2261 esth

107 2279 243 2360 Regulus.
266 2281 435 2343 Imbecillum
450 2281 535 2360 latus,
551 2299 585 2344 os
597 2282 757 2359 confusum,
771 2282 915 2342 haesitans
926 2280 1034 2359 lingua,
1051 2290 1107 2341 tar·

108 2363 218 2428 (lissima
237 2367 380 2443 inventio,
401 2369 535 2426 memoria
548 2367 642 2444 nulla,
665 2365 733 2426 nihil
754 2365 877 2445 denique
897 2374 1013 2444 praeter
1025 2366 1111 2442 inge-

72 2449 178 2508 ttnium
192 2453 336 2518 insanum;
352 2459 383 2510 et
397 2459 536 2511 mmeneo
550 2451 712 2530 inpudentia
727 2451 850 2528 ipsoque
862 2447 913 2508 illo
928 2447 1025 2507 lurore
1039 2465 1109 2525 per·

108 2535 181 2592 uenit
201 2544 232 2594 ut
250 2541 346 2594 orator
368 2533 515 2594 habeatur.
545 2532 644 2613 ltaque
661 2533 820 2594 Herennius
838 2532 964 2592 Senecio
985 2531 1133 2594 mirificet

109 2613 219 2678 cannis
235 2616 306 2677 illud
327 2616 363 2676 tle
382 2625 496 2678 oratore
515 2619 544 2677 iu
559 2617 665 2678 huncs
682 2617 823 2676 conuario
836 2617 923 2676 vertit
938 2620 1046 2674 ‘orator
1060 2624 1107 2674 est

108 2701 149 2758 vir
162 2701 253 2762 malus
267 2700 380 2760 dicendi
397 2701 569 2780 imperitus-³
591 2701 668 2762 ‚Non
680 2717 725 2760 me
741 2698 865 2760 llercnle
882 2695 953 2759 Cato
969 2698 1033 2776 ipse
1050 2706 1107 2758 tam

110 2782 181 2845 hene
194 2801 293 2846 verram
309 2793 450 2845 oratorem
470 2803 552 2864 quam
567 2786 615 2846 hic
629 2782 771 2862 Regulum
792 2785 944 2862 expressit.
974 2779 1134 2846 llahesne6
1187 2777 1200 2784 '⁸

77 2874 164 2945 toque
176 2869 225 2930 tali
240 2867 380 2947 epistulae
396 2885 495 2948 parem
509 2872 626 2948 gratiam
639 2865 771 2930 relerus‘i
789 2866 896 2946 habes,
912 2869 937 2928 si
955 2867 1106 2946 scripseris

112 2967 171 3010 num
185 2952 287 3032 aliquis
300 2954 329 3012 in
341 2955 496 3032 municipio
510 2963 610 3014 vestro
624 2971 662 3013 ex
676 2951 823 3013 sodalibus
838 2954 927 3029 meis,
943 2969 1008 3010 num
1023 2951 1107 3010 etiam

112 3034 170 3111 ipse
184 3045 213 3096 tu
230 3038 306 3096 hunc
319 3035 480 3098 luctuosum
496 3036 601 3116 Reguli
614 3037 717 3097 librum
731 3046 763 3096 ut
776 3035 929 3097 circulator
944 3035 973 3094 in
986 3034 1050 3094 loro
1066 3031 1108 3090 le·

113 3121 197 3198 pens,
214 3113 338 3200 ἐπάρας
350 3120 474 3200 scilicet,
491 3131 523 3182 ut
539 3124 579 3182 ait
592 3119 820 3197 Demosthenes,
835 3112 898 3198 τὴν
914 3109 1034 3196 φωνὴν
1052 3108 1108 3191 και

114 3195 261 3281 γεγηθὼς
278 3199 333 3265 και
352 3203 571 3284 λαρυγγίζων.
603 3203 657 3267 Est
673 3205 749 3265 enim
767 3213 823 3264 tam
837 3205 951 3281 ineptus
968 3209 999 3260 ut
1018 3199 1131 3260 nsunt

80 3285 198 3364 thurgis
212 3290 307 3367 possit
322 3291 482 3369 exprimere
501 3305 583 3369 quam
603 3290 753 3368 gemituum
779 3287 880 3347 credas
895 3300 953 3344 non
967 3281 1003 3343 tle
1017 3297 1108 3362 puero

116 3372 244 3448 scripturn
258 3372 311 3434 sod
328 3389 460 3452 apuero.
492 3371 572 3434 Vale.
