2616 4096
244 275 306 340 180
668 275 701 338 G.
724 276 821 339 PLlNl

244 447 336 509 equos
352 439 382 490 et
397 448 482 491 canes
503 439 622 490 erueret.
651 427 724 490 lluIc
745 446 802 506 ego
823 431 925 488 iuvene
947 427 1080 506 dIgresso
1102 429 1184 490 ‘lucus
1200 441 1236 506 tn,

242 531 429 593 numquamne
444 513 540 575 fecisti
557 511 632 592 quod
646 520 758 592 epatre
772 514 877 591 corripi
893 509 1015 591 posset?
1035 512 1143 591 fecisti,
1159 511 1237 574 dico?

242 615 300 658 nou
315 598 454 658 interdum
472 597 543 657 focIs
564 595 638 676 quod
655 595 729 657 lilius
749 606 832 672 tuus,
856 598 880 656 si
896 605 1016 674 repento
1030 607 1114 676 poter
1127 597 1194 674 ille,
1213 607 1238 657 tu

244 681 329 758 otius,
350 683 411 758 pari
429 683 567 758 mariale
581 676 791 759 reprehendat?
812 677 876 739 Non
892 697 990 740 omnes
1004 678 1136 742 homines
1150 681 1237 759 aliquo

245 780 343 826 errore
361 761 521 824 ducuntur?
536 781 593 823 uon
608 763 655 823 hic
667 765 695 823 ln
708 761 760 822 illo
775 764 847 839 sibi,
869 765 897 822 in
917 763 974 822 hoc
989 762 1062 826 alius
1077 761 1257 843 indulgeti't

217 845 322 908 fllaec
337 848 388 906 tibi
403 847 562 908 admonitus
579 847 737 908 inmodicae
751 849 911 907 seueritatis
933 846 1067 926 exemplo
1082 865 1137 928 pro
1152 866 1240 908 umore

243 940 340 991 mutuo
357 932 477 1009 scripsi,
502 948 539 990 nc
555 931 666 1008 quando
682 939 841 1008 tuquoque
857 929 943 989 lilium
958 938 1035 989 tuum
1048 933 1184 993 acerbius
1198 931 1239 991 du·

243 1016 359 1092 rinsquc
378 1023 525 1075 tractares.
556 1013 658 1092 Cogito
677 1023 705 1074 et
725 1012 803 1073 illum
824 1031 944 1091 puerum
963 1031 1031 1074 csso
1051 1025 1082 1076 ct
1099 1025 1130 1076 te
1145 1015 1238 1092 fuisso,

244 1096 336 1174 adque
351 1099 389 1156 ita
405 1097 462 1158 hoo
483 1097 558 1176 quod
579 1116 612 1158 cs
635 1106 715 1176 pater
731 1107 812 1156 utere
838 1107 868 1156 ut
885 1099 1046 1158 meruIncris
1061 1107 1091 1157 ct
1105 1098 1239 1159 homiuem

244 1199 311 1240 csse
324 1189 352 1240 te
367 1189 397 1240 et
408 1181 526 1241 homiuis
541 1190 659 1259 patrem.
688 1179 769 1239 Vale.
1247 1195 1269 1244 ιι

641 1325 648 1334 ·
710 1313 789 1372 XIII.

505 1413 532 1462 G.
548 1411 673 1464 PLINIUS
688 1412 863 1473 QUADRA'I'O
880 1411 941 1462 SUO
959 1410 985 1461 S.

220 1523 235 1574 1
307 1512 417 1586 Quanto
437 1512 590 1574 studiosius
606 1515 798 1594 intentiusque
814 1513 910 1590 legIsti
930 1512 1020 1574 libros
1036 1529 1109 1592 quos
1126 1513 1164 1574 de
1181 1511 1239 1572 llel·

243 1595 301 1657 vidi
312 1595 419 1657 ultione
436 1599 601 1676 conposui,
622 1607 698 1658 tanto
712 1599 866 1677 impensius
880 1595 1008 1675 postulas
1023 1605 1053 1655 nt
1068 1598 1240 1676 perscribam
1248 1602 1269 1652 lt

245 1681 295 1742 tibi
319 1697 392 1760 quae
414 1690 495 1743 extra
513 1681 601 1742 libros
629 1699 759 1760 quaeque
784 1683 859 1742 clroa
879 1679 986 1757 libros,
1012 1689 1103 1740 totum
1124 1679 1239 1758 deniquo

218 1765 370 1826 sordinem
391 1766 450 1842 rel,
483 1767 529 1825 cui
549 1783 602 1844 per
624 1774 745 1824 aetatem
770 1782 826 1824 nou
854 1763 1014 1824 interfuisti.
1051 1762 1164 1825 Occiso
1191 1763 1241 1823 Dc·

244 1850 356 1916 miliano
374 1850 459 1909 statui
474 1866 585 1908 mecum
598 1867 632 1908 ac
645 1847 799 1908 deliberavi
815 1864 882 1908 csse
897 1864 1026 1924 magnam
1040 1847 1240 1924 pulchramque

244 1932 386 1990 materfam
401 1931 557 1992 insectandi
572 1940 729 2008 nocentes,
756 1933 877 1992 mIseros
891 1929 1065 2007 vindicandi,
1093 1949 1126 1990 se
1151 1930 1240 2010 prole-

244 2013 333 2073 rendi.
362 2013 450 2073 Porro
471 2015 545 2075 inter
557 2015 643 2074 multa
657 2014 770 2076 scelera
781 2014 931 2075 multorum
945 2013 1052 2073 nullum
1068 2018 1194 2076 atrocius
1206 2015 1272 2074 n'co

245 2095 362 2156 debatur
384 2114 466 2174 quarn
481 2097 556 2175 quod
575 2100 603 2157 iu
615 2108 714 2158 senatu
729 2108 843 2160 senator
854 2099 989 2175 senatori,
1004 2100 1168 2177 praetorius
1182 2115 1242 2159 oon·

231 2177 347 2256 sulani,
372 2196 423 2239 reo
443 2181 529 2240 iudex
544 2199 642 2243 manus
665 2181 813 2242 intuIIssct.
847 2180 951 2242 Fuerat
971 2181 1078 2260 alioqui
1099 2181 1169 2241 mihi
1186 2199 1243 2242 cun

244 2261 376 2324 Helvidio
391 2264 527 2342 amicitia,
544 2275 646 2343 quanto
657 2273 791 2343 potuerat
805 2284 872 2326 csse
889 2266 1068 2343 concoqui
1084 2275 1163 2325 metu
1179 2274 1243 2325 ten·

216 2357 344 2428 dporum
358 2365 462 2408 nomen
476 2351 578 2426 ingens
595 2367 737 2428 paresque
747 2351 866 2410 virtutes
879 2367 999 2410 secessu
1010 2348 1141 2426 tegebat,
1157 2349 1244 2409 fuerat

245 2448 308 2493 cum
321 2430 406 2492 Arria
426 2441 456 2491 ct
476 2431 595 2512 Fannio,
617 2451 732 2511 quarum
754 2432 843 2492 altera
862 2431 975 2493 Heluidi
994 2449 1137 2510 noverca,
1159 2431 1274 2492 altena

244 2524 334 2575 mater
347 2533 500 2576 novercae.
534 2515 592 2576 Sed
609 2533 665 2575 uon
682 2518 720 2576 ito
736 2535 782 2576 rue
801 2518 861 2576 iura
875 2518 984 2596 priuato
997 2525 1028 2576 ut
1043 2514 1190 2595 nubilonrn
1205 2515 1243 2574 iss

218 2607 275 2662 let
288 2599 438 2677 indignitas
452 2598 520 2660 iacti
534 2609 563 2661 et
575 2599 699 2678 exempli
713 2602 785 2660 ratio
799 2600 941 2664 Incitabat.
963 2600 1009 2681 Ac
1023 2600 1121 2676 prImis
1134 2598 1243 2678 quiden

246 2682 346 2742 debus
363 2682 490 2744 redditae
510 2683 648 2744 libertatIs
670 2700 722 2761 pro
737 2702 770 2743 sc
786 2685 906 2762 quisquo
921 2685 1051 2744 fulmicos
1066 2699 1153 2760 suos,
1170 2682 1243 2742 dum·

246 2767 474 2843 insinuares,
493 2767 637 2828 incondito
650 2767 819 2845 turbidoque
836 2767 961 2828 clamore
979 2763 1195 2846 postulaverant
1209 2765 1243 2824 si·

245 2846 301 2906 mul
316 2856 347 2907 et
361 2860 575 2927 oppresserant.
595 2848 662 2929 Ego
679 2861 709 2912 et
723 2851 879 2912 modestius
893 2859 923 2910 et
941 2852 1113 2913 constantius
1129 2850 1276 2910 arbitra-ao

244 2939 290 2991 tus
310 2931 535 2992 immanissimum
556 2952 636 2995 rsurn
649 2950 705 2994 uon
721 2935 859 2994 communi
875 2942 1034 3013 temporum
1048 2933 1168 3011 invidia,
1195 2932 1244 2996 sed

243 3015 361 3094 proprio
381 3016 495 3076 crquuc
517 3035 658 3096 urguere,
683 3036 747 3078 curu
766 3019 820 3078 loru
838 3020 906 3078 satis
924 3019 1031 3096 primus
1052 3015 1102 3078 illc
1121 3019 1243 3096 impetus

244 3097 444 3160 defremuisset
467 3110 495 3161 ct
519 3099 678 3179 languidior
701 3103 729 3161 iu
757 3101 818 3162 dies
843 3102 885 3160 ira
904 3101 939 3160 ad
958 3102 1091 3162 iustitiam
1110 3100 1243 3174 redisset,

244 3200 411 3262 quamquam
424 3193 483 3244 tum
499 3187 618 3245 maxime
639 3187 728 3246 tristis
744 3187 847 3248 amissa
865 3203 957 3265 nuper
978 3201 1088 3261 uxore,
1110 3186 1191 3244 mitto
1210 3182 1244 3244 ad

243 3265 372 3326 Anteiam
387 3267 488 3346 (nupta
502 3265 575 3327 hoec
588 3267 720 3329 Helvidio
731 3268 851 3347 lucrat),
866 3285 939 3346 rogo
953 3277 983 3328 ut
998 3269 1103 3344 voulut,
1119 3269 1184 3346 qnia
1200 3273 1275 3327 mcii

217 3357 347 3410 trecens
367 3349 458 3410 adhuc
475 3349 569 3412 luctus
587 3349 683 3411 limine
706 3353 872 3413 contineret.
905 3351 943 3412 Ut
957 3353 1046 3428 venit,
1063 3350 1244 3411 ‘destinatum

244 3436 301 3492 est’
317 3434 428 3511 inquam
443 3434 521 3494 ‘mihi
538 3435 665 3493 maritum
678 3443 755 3494 ιιιιιιιι
771 3453 827 3496 non
845 3433 962 3496 inultum
977 3436 1042 3512 pati.
1075 3431 1177 3494 Nuntia
1190 3433 1242 3492 Ar·

243 3516 303 3574 riae
322 3523 351 3574 et
370 3513 504 3578 Fannioc'
525 3514 576 3593 (ab
594 3516 680 3576 exflio
700 3518 871 3596 redierant):
899 3517 1032 3578 ‘consuls
1055 3527 1102 3596 te,
1125 3514 1242 3578 consule
