2616 4096
10 271 42 315 Γ

632 223 666 286 0.
685 222 783 286 rulul

209 379 351 459 hospitio,
379 387 408 438 ut
423 378 526 439 honum
539 386 649 456 patrem
663 373 802 452 lamiliae,
829 385 860 435 ut
877 374 1042 453 diligentem
1054 374 1209 456 agricolam

209 463 350 541 intuebar,
366 459 403 524 da
416 461 461 522 his
476 460 623 521 locuturus
637 459 665 519 iu
680 457 782 537 quihus
795 456 874 518 illum
888 459 996 520 versari
1011 459 1159 539 putabam
1181 467 1210 518 et

212 564 380 626 oooperam,
405 563 468 606 aum
484 542 534 605 illa
552 560 597 603 mo
611 542 777 604 doctissimo
793 560 924 603 sermone
936 545 1083 604 revocavit
1101 542 1137 604 ad
1152 552 1209 603 stu·

128 625 137 648 '
187 629 267 694 suia.
289 628 379 703 Quam
393 637 469 688 tersa
484 626 589 688 omnia!
605 645 686 706 quam
703 623 811 686 Latina!
826 644 909 704 quam
924 623 1046 687 Graeca!
1062 625 1134 686 Nam
1151 635 1210 687 tau·

209 724 267 774 tum
288 722 407 790 utraque
428 711 524 789 lingua
541 708 618 771 valet
639 720 669 770 ut
691 727 724 770 ea
746 710 834 786 magis
849 707 977 771 videatur
992 709 1140 770 excellere
1156 717 1231 787 quat

211 814 274 858 oum
295 795 414 856 maxime
440 793 574 874 loquitur.
614 792 753 867 Quantum
776 790 827 852 ille
849 791 935 870 legit!
960 803 1092 871 quantum
1116 793 1210 854 tenet!

184 879 330 942 trithenis
346 878 445 939 vivore
460 877 612 956 hominem,
627 895 684 937 non
698 878 726 936 iu
742 875 810 936 uilla
830 885 925 955 putes.
949 874 1024 949 Quid
1040 873 1149 937 multa?
1164 895 1211 937 au·

209 965 252 1024 xit
272 961 493 1022 sollicitudinem
511 977 601 1020 meam
623 961 778 1038 effecitque
800 969 829 1019 ut
852 959 909 1019 illis
931 976 1004 1039 quos
1026 959 1211 1022 doctissimos

209 1047 276 1106 novi
289 1063 345 1105 nou
361 1046 452 1104 minus
465 1044 519 1104 hos
537 1044 673 1106 seductos
692 1051 721 1104 et
743 1044 825 1120 quasi
845 1044 969 1103 rusticos
989 1061 1100 1104 uerear.
1131 1043 1211 1104 ldem

183 1128 316 1193 osuadeo
328 1128 387 1188 tibi.
417 1127 488 1189 Sunt
499 1129 573 1188 euim
588 1129 660 1189 utin
675 1128 775 1188 eastris
790 1127 833 1186 sio
848 1127 933 1187 etiam
946 1128 974 1187 in
988 1126 1089 1188 litteris
1105 1130 1246 1188 nostrislu

210 1210 307 1292 plures
323 1210 400 1274 oultu
414 1229 543 1292 pagano,
561 1229 634 1289 quos
652 1212 761 1271 oiuotos
776 1218 805 1269 et
825 1218 961 1286 armatos,
984 1219 1013 1270 et
1033 1210 1148 1289 quidem
1168 1229 1210 1270 ar·

211 1295 376 1358 dentissimo
388 1297 516 1373 iugenio,
534 1293 685 1373 diligenter
699 1301 839 1355 scrutatus
855 1293 993 1353 invenies.
1023 1291 1104 1354 Vale.

653 1423 757 1485 XXVI.

487 1524 514 1578 (l.
534 1523 657 1575 PLINIUS
676 1523 806 1576 MAXIMO
824 1522 884 1575 SUO
903 1523 930 1574 S.

184 1638 198 1687 1
269 1626 368 1705 Nuper
382 1644 427 1686 me
444 1625 588 1686 cuiusdam
604 1627 687 1685 amici
703 1624 823 1704 languor
838 1625 981 1687 admonuit
1001 1628 1126 1704 optimos
1142 1645 1210 1688 esse

208 1728 273 1788 nos,
289 1711 354 1771 dum
370 1710 468 1770 infirmi
484 1727 589 1771 sumus.
624 1707 715 1782 Quem
731 1709 805 1769 enim
821 1709 958 1769 infirmum
972 1720 1020 1770 aut
1033 1710 1148 1771 avaritia
1163 1719 1212 1770 out

182 1793 297 1854 alibius
318 1790 473 1855 sollicitat?
494 1792 560 1853 Nou
581 1791 723 1852 amoribus
744 1793 850 1870 servit,
876 1809 933 1854 nou
951 1791 1058 1873 adpetit
1071 1791 1209 1871 honores,

1220 1555 1248 1608 lt

1301 797 1303 840 l

208 1895 281 1955 opes
296 1876 425 1955 neglegit
440 1885 470 1936 et
490 1873 774 1954 quantulumcumque
795 1885 825 1936 ut
847 1873 1000 1937 relicturus
1024 1877 1091 1938 satis
1113 1876 1209 1936 lrabet.
1302 1861 1303 1876 ¹

208 1959 287 2019 'l'uuo
302 1959 383 2036 deos,
399 1968 467 2019 tuno
481 1959 623 2019 homiuem
636 1978 702 2019 esse
714 1978 746 2020 se
761 1961 897 2038 meminit,
913 1959 1020 2020 invidat
1033 1960 1148 2037 nemini,
1161 1969 1248 2022 ue·20

207 2044 311 2104 minem
324 2043 454 2118 miratur,
475 2045 616 2104 neminem
636 2042 759 2121 despicit
779 2061 813 2103 ao
834 2062 870 2103 uo
891 2044 1070 2104 sermonibus
1093 2044 1208 2125 quidem

207 2125 338 2204 malignis
358 2135 406 2185 aut
420 2125 538 2186 attendit
556 2137 603 2186 aut
623 2125 720 2186 alitur:
746 2125 857 2186 balinea
877 2128 1044 2205 imaginatur
1059 2137 1088 2188 et
1103 2127 1210 2190 fontes.

181 2208 286 2270 alinea
300 2226 408 2271 summa
424 2226 568 2288 aurarum,
590 2228 695 2270 summa
711 2218 859 2288 votorum,
878 2209 1051 2290 mollemque
1069 2211 1097 2270 iu
1111 2221 1211 2291 poste-

153 2293 156 2300 '
208 2312 269 2354 rum
283 2302 313 2354 et
327 2295 471 2373 pinguem,
487 2295 512 2355 si
527 2295 671 2370 contingat
687 2293 827 2372 evadere,
848 2292 905 2354 hoo
921 2304 965 2356 est
985 2295 1127 2356 innoxiam
1142 2296 1211 2356 ben·

183 2381 320 2458 itumque
333 2377 453 2440 destinat
464 2379 558 2438 vitam.
579 2375 697 2439 Possum
709 2395 780 2456 ergo
796 2377 872 2456 quod
884 2376 1011 2458 plmimis
1021 2380 1131 2458 verbis,
1147 2379 1249 2458 plu-25

205 2463 282 2522 rimis
298 2463 381 2522 etiam
395 2459 583 2524 voluminibus
597 2460 760 2541 phrlosoplri
779 2459 885 2523 dooere
901 2473 1038 2525 conantur
1059 2465 1124 2543 ipse
1145 2463 1211 2526 bre·

206 2546 280 2606 viter
294 2546 346 2606 tibi
359 2545 484 2624 mihique
499 2548 685 2625 praeripere,
701 2554 731 2605 ut
740 2543 814 2606 tales
824 2564 891 2608 esse
908 2547 969 2608 sani
988 2565 1211 2626 perseveremus

207 2628 305 2706 quales
320 2646 372 2688 nos
389 2629 498 2689 iuturos
513 2630 678 2708 profitemur
690 2628 799 2689 infirmi.
827 2627 908 2690 Vale.

587 2732 593 2744 '
646 2751 790 2822 uxvu.l

498 2858 525 2907 C.
544 2857 669 2910 PLINIUS
688 2858 794 2910 SURAE
813 2857 873 2910 SUO
891 2858 918 2909 S.
1217 2805 1249 2860 ³⁰

183 2969 197 3021 1
267 2953 305 3014 llt
318 2954 384 3016 milri
399 2957 526 3019 discordi
544 2968 574 3018 et
588 2961 639 3021 tihi
654 2958 775 3021 docendi
794 2953 958 3020 lanultatem
975 2963 1063 3023 otium
1078 2961 1208 3042 praebet.
1299 2979 1300 3061 p

204 3039 293 3118 Igitur
309 3056 445 3120 perquam
458 3039 545 3102 velim
560 3045 654 3121 seira,
679 3063 746 3106 esse
768 3043 960 3122 phantasmata
977 3052 1007 3105 et
1021 3043 1128 3106 hahere
1141 3062 1209 3124 pro·

203 3124 291 3202 priam
311 3123 429 3200 figuram
449 3142 609 3205 numenque
626 3125 741 3206 aliquod
764 3136 848 3204 putes
868 3144 905 3186 au
924 3127 1015 3188 inania
1036 3138 1065 3189 et
1079 3145 1151 3190 vana
1170 3148 1210 3189 ex

178 3215 282 3270 amatu
296 3217 394 3270 nostro
408 3209 557 3286 imaginem
569 3211 714 3288 arripere.
747 3209 812 3290 Ego
827 3220 856 3271 ut
877 3229 945 3272 esse
966 3211 1079 3272 credam
1099 3213 1127 3270 in
1150 3214 1249 3289 pri-as

201 3291 255 3351 ruis
271 3307 307 3352 eo
322 3290 412 3352 ducor
426 3290 502 3372 quod
515 3292 599 3353 audio
614 3292 756 3356 aooidisse
771 3291 869 3356 curtio
885 3293 970 3356 Rufo.
994 3291 1099 3356 Tenuis
1115 3294 1210 3356 adhue
1298 3305 1299 3360 1

202 3382 232 3435 et
246 3375 386 3437 obscurus
407 3375 545 3437 obtinenti
565 3375 692 3438 Airioam
712 3395 810 3441 eomes
830 3377 979 3440 laeserat:
1005 3377 1138 3441 inelimato
1159 3379 1207 3440 die

202 3458 373 3535 spatiabatur
389 3459 416 3517 in
432 3461 558 3538 porticu:
575 3460 693 3521 ollertur
706 3463 734 3521 ei
749 3460 876 3522 mulieris
891 3461 980 3541 figura
994 3461 1111 3523 humana
1122 3481 1209 3541 gran-
