2632 4096
213 251 275 317 loo
634 250 667 312 0.
689 249 786 312 Pbllll

212 416 300 468 strum
318 407 413 484 ‘pater
428 401 574 464 familiac’.
608 402 692 477 Quod
712 404 736 464 si
751 420 848 464 essem
861 414 959 465 namra
972 404 1101 484 asperior
1116 414 1148 468 et
1166 403 1215 468 du·

212 492 280 566 rior,
297 489 441 565 frangeret
455 506 501 548 me
512 495 605 547 tamen
618 487 762 549 infirmitas
773 486 868 548 liberti
879 489 935 548 mei
948 488 1064 566 Zosimi,
1079 491 1126 550 cui
1139 499 1214 551 tanto

212 574 301 633 maior
314 572 469 632 humanitas
484 569 643 631 exhibenda
664 580 726 648 eet,
754 581 859 650 quanto
873 589 948 632 uunc
962 571 1011 632 illa
1027 575 1117 651 magis
1136 583 1212 651 eget.

185 655 302 717 bllomo
318 656 426 734 probus
438 654 586 716 officiosus
601 653 756 723 litteratum
773 664 802 715 et
819 672 865 716 ars
884 655 997 734 quidem
1013 657 1075 718 eius
1093 666 1124 716 et
1135 659 1214 734 quasi

211 741 359 818 inscriptio
381 738 554 814 comoedus,
576 739 604 796 in
624 755 679 816 qua
698 737 848 817 plurimum
862 738 939 800 lacit.
965 737 1036 799 Nam
1052 742 1236 819 pronuntiato

211 825 331 898 acriter,
348 823 507 900 sapienter,
522 829 605 899 apte,
627 821 766 882 decenter
778 823 875 891 etiam;
900 824 985 883 utitur
999 831 1029 882 et
1043 823 1152 883 cithara
1165 843 1215 902 pc·

210 909 281 981 rite,
303 904 376 966 ultra
398 922 480 982 quarn
499 904 639 964 comoedo
659 922 784 965 necesse
804 914 859 965 est.
891 904 970 966 Idem
987 914 1042 965 tarn
1065 906 1214 967 commode

213 992 355 1050 orationes
377 997 407 1048 et
428 987 560 1048 historias
581 997 610 1047 et
634 990 754 1048 carmina
769 986 841 1065 legit
855 998 885 1049 ut
900 987 957 1049 hoc
972 987 1064 1049 solum
1078 988 1214 1052 didicisse

185 1072 347 1136 evidentur.
381 1069 460 1131 llaec
479 1071 530 1132 tihi
551 1070 652 1132 sedulo
675 1073 814 1151 exposui,
838 1090 895 1150 quo
916 1074 1005 1150 magis
1020 1074 1114 1134 scires
1132 1091 1214 1150 quem

210 1155 297 1217 multa
309 1174 382 1217 unus
397 1155 464 1214 milri
479 1164 508 1216 et
520 1172 601 1233 quam
615 1155 734 1215 iucunda
751 1156 904 1216 ministeria
921 1165 1088 1232 praestaret.
1120 1156 1250 1218 Acce-lo

212 1239 251 1300 dit
266 1240 352 1318 longa
371 1241 424 1299 iam
445 1241 546 1300 caritas
570 1240 705 1316 hominis,
732 1257 812 1317 quam
834 1240 897 1318 ipsa
916 1239 1045 1318 pericula
1063 1251 1212 1301 auxerunt.

186 1324 263 1386 bllst
281 1321 355 1384 euim
370 1325 408 1383 ita
424 1331 521 1384 natura
536 1333 726 1402 comparatum
738 1333 769 1382 ut
781 1321 851 1382 nibil
866 1340 959 1400 aeque
975 1340 1101 1384 amorem
1116 1325 1214 1384 incitet
1297 1329 1298 1344 ¹

211 1418 241 1468 st
264 1407 401 1468 accendat
425 1424 506 1485 quam
528 1405 641 1467 carendi
655 1416 764 1482 metus,
779 1424 865 1484 quem
882 1424 938 1484 ego
956 1424 1009 1485 pro
1023 1406 1080 1467 boc
1094 1425 1155 1468 non
1170 1426 1213 1468 se·

186 1491 267 1554 bmel
286 1491 387 1570 patior.
406 1488 553 1550 Nomento
570 1489 678 1567 aliquot
691 1507 798 1568 annos,
818 1489 882 1549 dum
896 1492 1004 1550 intente
1019 1493 1212 1569 instanterque

211 1575 382 1654 pronuntiat,
399 1574 565 1650 sanguinem
578 1574 691 1651 reiecit,
704 1573 795 1652 adque
811 1574 848 1634 ob
864 1573 920 1634 boc
936 1574 1138 1653 indegyptum
1150 1577 1249 1636 mis-15

212 1677 261 1719 sue
275 1676 292 1717 a
305 1675 363 1733 me,
380 1665 446 1735 post
467 1656 580 1735 longam
597 1658 854 1736 peregrinationem
870 1657 1048 1720 confirmatus
1064 1659 1151 1720 rediit
1165 1677 1214 1718 nu·

211 1761 278 1822 per:
295 1741 396 1802 deiude
412 1740 477 1801 dum
497 1758 551 1820 per
567 1743 716 1802 continuos
728 1741 789 1801 dies
800 1741 882 1802 nimis
895 1743 1015 1820 imperat
1029 1743 1112 1820 voci,
1135 1751 1214 1802 vete·

210 1828 250 1887 ris
261 1826 426 1886 infirmitatis
440 1823 577 1885 tussicula
590 1823 765 1901 admonitus,
789 1842 886 1887 rursus
901 1827 1066 1903 sanguinem
1080 1825 1212 1886 reddidit.
1298 1885 1299 1894 ,

186 1909 276 1981 illua
289 1927 326 1969 ex
342 1926 426 1969 eausa
440 1907 577 1969 destinavi
596 1927 662 1970 eum
675 1910 787 1969 mittere
803 1909 831 1968 in
852 1909 967 1988 praedia
984 1918 1032 1968 tua
1045 1926 1118 1986 quae
1140 1909 1214 1970 Foro

211 1991 264 2052 luli
278 1991 421 2071 possides.
441 1990 543 2050 Audivi
558 1992 631 2051 enim
643 2001 672 2052 te
687 2009 777 2069 saepe
790 1991 963 2054 referentem
975 2011 1042 2054 esse
1055 1993 1093 2052 ibi
1103 2003 1137 2054 et
1148 2000 1250 2054 e'e'rano

212 2073 355 2136 salubrem
383 2083 412 2134 et
434 2074 482 2134 lae
509 2074 645 2135 eiusmodi
668 2077 860 2139 curationibus
881 2074 1211 2137 accommodatissimum.

186 2157 295 2237 BRogo
310 2175 381 2236 ergo
396 2159 504 2218 scribas
517 2159 573 2219 tuis
587 2169 617 2219 ut
634 2157 676 2219 illi
692 2159 776 2238 villa,
792 2169 822 2220 ιιι
840 2159 940 2222 domus
960 2169 1071 2238 pateat,
1092 2159 1214 2221 offerant

213 2245 297 2303 etiam
308 2243 466 2321 sumptibus
481 2243 560 2319 eius,
585 2245 609 2302 si
624 2241 691 2321 quid
706 2260 780 2323 opus
794 2245 864 2313 erit;
885 2245 939 2306 erit
956 2253 1049 2304 autem
1063 2259 1139 2320 opus
1154 2260 1213 2303 mo·

186 2327 287 2390 odico.
315 2325 369 2386 list
383 2327 457 2386 enim
473 2333 528 2387 tam
546 2343 648 2404 pareas
664 2335 693 2386 et
710 2329 858 2388 continens
870 2336 900 2387 ιιι
914 2343 971 2387 uon
985 2326 1078 2387 solum
1091 2325 1212 2388 delicias

212 2411 418 2472 verumetiam
445 2411 635 2471 necessitates
663 2409 833 2471 valetudinis
858 2409 1020 2488 frugalitate
1048 2412 1248 2488 resunngatnu

210 2493 276 2573 Ego
294 2493 487 2574 proficiscenti
509 2501 614 2555 tantum
634 2495 729 2555 viatici
749 2494 823 2554 dabo
844 2503 977 2572 quantum
992 2492 1115 2555 sufficiat
1136 2496 1212 2556 eunti

211 2579 240 2637 in
254 2588 311 2639 tna.
340 2577 421 2638 Vale.

513 2808 540 2862 c.
560 2709 784 2859 pnnwsxrisso
802 2807 863 2859 suo
882 2806 908 2858 e.
1218 2835 1249 2888 3,

186 2921 202 2973 1
273 2906 377 2968 lterum
396 2908 508 2984 Bithyni
529 2909 618 2970 breve
639 2918 751 2988 tempus
773 2929 790 2971 a
810 2908 883 2970 lulio
905 2909 995 2972 Basso
1008 2913 1093 2971 etiam
1107 2909 1212 2970 Rufum

210 2992 351 3053 Varenum
361 2990 562 3071 proconsulem
583 2992 760 3071 detulerunt,
781 2993 938 3071 Varenum,
961 3012 1046 3072 pern
1060 3012 1152 3073 nuper
1165 2993 1213 3056 ud·

184 3087 312 3139 aversus
333 3075 453 3136 Bassum
472 3076 640 3137 advocatum
659 3086 689 3137 et
710 3076 885 3157 postularant
906 3086 936 3138 et
954 3087 1136 3158 acceperant.
1167 3075 1211 3137 ln·

211 3160 289 3222 ducti
310 3162 339 3219 in
358 3170 487 3221 senatum
505 3161 716 3239 inquisitionem
736 3159 960 3239 postulaverunt.
990 3160 1119 3222 Varenus
1140 3162 1211 3241 petit

211 3251 241 3304 ut
255 3244 310 3304 sibi
326 3259 441 3323 quoque
455 3241 630 3304 defensionis
645 3261 732 3304 causa
746 3260 870 3305 evocare
885 3254 977 3306 testes
989 3243 1107 3306 liceret:
1127 3251 1249 3308 recu-db

211 3327 337 3388 mutibus
352 3327 479 3403 Bithynis
495 3328 621 3404 cognitio
634 3337 771 3405 suscepta
788 3337 842 3388 cst.
863 3326 920 3405 ligi
936 3343 989 3407 pro
1004 3327 1135 3407 Vareno,
1154 3345 1209 3389 non

186 3413 274 3474 tsine
290 3421 409 3472 eventu:
424 3429 487 3471 nam
502 3411 576 3472 bene
592 3428 627 3469 un
638 3409 730 3486 male,
746 3409 821 3472 liber
835 3410 976 3472 iudicabit.
1006 3410 1039 3472 lu
1052 3412 1210 3474 actionibus

212 3496 286 3552 enim
300 3503 446 3571 utramque
464 3495 492 3553 iu
506 3502 615 3573 partem
631 3492 743 3553 fortune
759 3493 929 3556 dominatur:
942 3493 1059 3556 multum
1071 3513 1210 3558 commen·
