2616 4096
279 301 543 370 nrrsnunnnuu
558 301 648 364 vnn.
663 313 763 367 mar.
776 313 876 368 anas.
1019 304 1079 368 ma
1176 289 1182 301 '

519 455 636 517 XXXII.

358 556 386 608 (i.
403 555 527 609 PLINIUS
541 557 669 608 mammo
689 555 749 608 SUO
766 555 792 608 S.

141 660 215 734 Quid
229 656 312 737 agis?
330 659 395 739 quid
411 670 525 723 acturus
540 659 593 723 esi
613 662 681 741 Ipse
697 664 782 722 vitam
796 636 1035 739 iucundissimam,
1051 663 1080 723 id

83 753 123 805 est
136 745 350 821 otiosissimam,
364 746 442 804 vivo.
466 744 529 819 Quo
545 747 619 806 litut
634 747 763 807 scrihere
778 746 925 824 longiores
943 745 1079 825 epistulas

61 828 176 907 5nolim,
196 827 285 888 velim
305 826 424 905 legere,
446 828 516 889 illud
536 840 676 909 tamquam
692 829 847 908 delicatus,
869 829 926 890 hoc
941 840 1080 909 tamquam

81 911 297 1056 lllosutllteffihss
312 921 357 972 est
371 914 446 972 enim
462 923 509 976 aut
523 915 631 992 pigrius
648 913 777 976 delicatis
792 923 839 975 ant
855 912 994 975 curiosius
1008 917 1080 974 otio-

409 1115 411 1120 *
513 1056 685 1159 mmml

354 1194 382 1247 G.
401 1196 527 1248 PLINIUS
546 1195 677 1248 CANINIO
694 1197 755 1249 SUO
772 1197 799 1251 S.

49 1299 76 1350 lo
138 1294 226 1357 incidi
240 1296 270 1356 in
284 1299 426 1358 materiam
441 1316 548 1375 veram,
564 1299 617 1359 sed
633 1298 801 1361 simillimam
817 1299 900 1359 hetae
913 1298 1105 1376 dignamque1

82 1379 131 1439 isto
145 1379 319 1458 laetissimo,
332 1380 486 1458 altissimo,
502 1381 644 1462 planeque
658 1384 777 1463 poetico
791 1383 917 1460 ingenio,
934 1383 1019 1442 incidi
1033 1400 1081 1442 an·

81 1471 148 1538 tem,
171 1463 236 1523 dum
256 1482 346 1542 super
367 1482 466 1526 cenam
486 1469 563 1526 varia
582 1467 717 1528 miracula
737 1467 803 1528 hino
824 1466 889 1526 inde
908 1466 1080 1527 referuntur.

82 1543 175 1624 llagna
189 1550 301 1609 auctori
321 1548 408 1610 iides:
429 1553 541 1612 tametsi
557 1551 624 1629 quid
643 1559 748 1630 pottae
765 1569 828 1611 cum
844 1547 923 1612 fidel
944 1549 1082 1612 letamen

83 1639 173 1692 auctor
193 1635 241 1692 cni
263 1633 338 1692 hene
358 1633 407 1694 vel
424 1632 569 1698 historiam
589 1637 746 1715 scripturus
764 1634 946 1696 credidisses.
979 1633 1033 1695 Est
1052 1635 1106 1701 ina

51 1712 171 1776 lthirica
185 1715 380 1796 Hipponensis
396 1716 524 1795 colonia,
544 1721 612 1779 mari
632 1722 775 1799 proxima:
795 1719 905 1779 adiacet
920 1716 1081 1795 navigabile

83 1807 217 1876 stagnum:
234 1818 272 1860 ex
287 1802 343 1861 hoc
358 1802 385 1861 in
400 1801 512 1862 modum
529 1802 649 1864 huminis
665 1805 835 1864 aestuarium
851 1803 988 1880 emergit,
1005 1800 1081 1880 qnod

83 1883 140 1941 vioe
153 1883 273 1963 alterna,
289 1893 374 1963 prout
388 1894 485 1947 aestus
501 1896 548 1947 aut
559 1889 700 1966 repressit
713 1897 760 1948 aut
775 1886 887 1966 inpulit,
905 1904 979 1968 nuno
995 1884 1080 1944 inier·
1162 1915 1164 1920 ·

83 1973 124 2023 tur
135 1970 201 2027 mari
215 1986 292 2028 nuno
306 1967 433 2030 redditur
447 1979 560 2048 stagno.
582 1970 679 2031 Omnis
694 1972 740 2032 hic
755 1981 834 2032 aetas
849 1969 987 2050 piscandi,
1004 1971 1108 2040 nani-3

84 2049 175 2128 gandi,
190 2061 278 2131 atque
293 2055 376 2112 etiam
387 2054 498 2114 natandi
514 2053 607 2114 studio
618 2065 742 2130 tenetur,
759 2056 877 2116 maxime
892 2056 991 2134 pueri,
1008 2070 1081 2131 quos

51 2133 163 2194 ltotium
181 2135 321 2214 lususque
341 2136 484 2198 sollicitat.
519 2137 570 2197 llis
591 2138 683 2216 gloria
704 2147 734 2198 et
754 2141 843 2198 virtus
858 2138 994 2198 altissime
1015 2154 1081 2216 pro·

83 2216 157 2276 vehi:
177 2221 272 2280 victor
288 2219 337 2279 ille
355 2223 402 2299 qni
416 2221 583 2299 longissime
600 2233 631 2284 ut
644 2222 710 2282 litus
725 2225 763 2283 ita
778 2222 859 2282 simul
874 2231 1001 2282 natantes
1014 2219 1081 2280 reli·

85 2303 145 2377 quit.
166 2301 229 2362 Hoc
245 2306 399 2364 certamine
414 2323 487 2385 puer
502 2306 612 2384 quidam
627 2305 774 2366 audentior
786 2308 891 2366 ceteris
907 2307 935 2365 in
947 2304 1108 2375 ulteriomq

84 2383 217 2447 tendehat.
252 2385 413 2467 Delphinus
434 2391 575 2466 occurrit,
604 2399 633 2450 et
654 2408 729 2450 nunc
751 2391 928 2469 praecedere
949 2405 1080 2467 puerum,

84 2485 151 2529 nnnc
164 2473 265 2551 sequi,
284 2490 358 2531 nuno
376 2475 544 2551 circumire,
559 2482 707 2552 postremo
728 2473 841 2551 suhire,
854 2472 1013 2552 deponere,
1028 2473 1081 2531 ito·

53 2554 138 2610 linum
154 2555 268 2632 subire,
290 2555 535 2636 trepidantemque
556 2557 686 2636 perferre
703 2559 821 2637 primum
841 2559 871 2616 in
886 2555 989 2634 altum,
1013 2571 1081 2615 mox

86 2633 166 2698 heetit
178 2638 213 2699 ad
228 2638 297 2698 litus
308 2640 458 2721 redditque
473 2650 566 2702 terrae
581 2651 611 2703 et
625 2640 801 2721 aequalibus.
823 2640 919 2718 Serpit
934 2657 988 2718 per
1000 2636 1105 2710 colo-5

86 2719 150 2780 niam
163 2721 250 2783 tame:
273 2741 446 2785 concurrere
461 2743 576 2801 omnes,
599 2727 691 2805 ipsum
712 2743 831 2804 puerum
845 2734 985 2804 tamqnam
999 2725 1080 2784 mira·

88 2801 171 2864 culum
185 2809 331 2886 aspicere,
346 2809 540 2887 interrogare,
556 2809 664 2888 audire,
681 2827 803 2870 narrare.
832 2809 952 2886 Postero
970 2808 1016 2868 die
1031 2809 1082 2868 oh·

88 2886 170 2950 rident
184 2888 268 2967 litus,
290 2903 477 2971 prospectant
491 2911 567 2954 mare
583 2902 612 2954 et
627 2895 652 2954 si
668 2893 734 2973 quid
752 2903 798 2955 est
812 2895 880 2954 mari
895 2892 996 2954 simile.
1026 2891 1082 2952 Na·

55 2977 138 3032 aotam
156 2977 253 3052 pueri:
273 2977 347 3036 inter
365 2978 419 3036 hos
441 2976 507 3054 ille,
535 2977 587 3038 sed
608 2981 728 3040 cautius.
759 2975 920 3057 Delphinus
934 2994 1031 3037 mrsus
1048 2975 1083 3036 ad

87 3061 207 3138 tempus,
228 3078 329 3121 rursus
343 3061 377 3120 ad
393 3079 513 3142 puerum
523 3062 611 3122 venit.
632 3061 717 3139 Fugit
732 3062 782 3122 ille
798 3079 861 3124 oum
878 3058 1081 3123 ceteris.·l)el·

88 3136 189 3220 phinus,
205 3147 285 3225 quasi
299 3145 399 3208 invitet
414 3156 443 3207 ot
458 3155 593 3222 revocet,
609 3146 706 3224 exilit,
722 3148 860 3224 mergitur
872 3147 1024 3222 variosque
1036 3161 1081 3203 or·

88 3219 135 3282 bes
149 3227 285 3306 inplicitat
299 3230 482 3310 expeditquc.
505 3228 569 3290 Hoc
583 3230 672 3291 altero
689 3231 752 3308 die,
767 3230 824 3290 hoe
836 3231 931 3304 tertio,
950 3226 1006 3287 hoc
1019 3226 1108 3306 plu-6

88 3305 174 3387 rihns,
201 3312 294 3374 donec
314 3312 443 3374 homines
463 3316 611 3376 innutritos
630 3317 697 3374 mari
718 3315 827 3376 subiret
846 3312 960 3373 timendi
979 3310 1080 3390 pudor.

55 3385 227 3457 tthcoedunt
242 3406 271 3457 et
289 3397 422 3459 adludunt
437 3408 466 3459 et
482 3398 641 3479 appellant,
663 3408 781 3476 tangunt
797 3398 880 3457 etiam
895 3403 1082 3476 pertrectant-

91 3489 140 3549 que
158 3481 349 3556 praebentem.
375 3480 488 3544 Crescit
508 3483 624 3544 audacia
640 3484 845 3561 experimento.
874 3479 995 3540 Maxime
1010 3497 1083 3558 puer

91 3558 390 3706 iisspnimpjsexpertus
401 3577 445 3630 est
460 3567 613 3628 adnatantis
629 3567 825 3644 insilit'tergo,
841 3565 932 3711 largn
944 3563 1081 3625 refertur-

147 3664 195 3703 Llltl
234 3670 257 3707 Ρ.
503 3685 505 3690 ·
