2632 4102
204 283 245 348 10
632 281 665 344 G.
686 281 784 344 Pthl

10 497 13 506 .
203 458 239 500 an
255 447 286 500 ut
300 439 390 516 magis
414 456 502 516 angar
523 437 600 517 quod
616 455 673 498 non
695 433 785 497 licet?
814 435 886 496 Nam
899 434 1055 512 distringor
1068 436 1166 497 cilicio
1181 447 1214 498 ut

6 533 12 618 p
122 533 127 544 “
204 524 326 583 maximo
341 525 384 583 sic
395 522 610 583 molestissimo.
635 521 797 599 Sedeopro
812 519 963 596 tribunali,
986 520 1110 581 subnoto
1126 519 1214 581 libel·

115 623 128 656 r
204 606 402 684 los,tconlicio
413 605 538 683 tabulam
550 606 646 666 scribo
659 603 794 682 plurimas
809 604 860 666 sed
874 603 1121 664 inlitteratissimas
1135 603 1214 665 litte·

107 727 119 748 s
165 707 260 759 [oras.
277 689 367 751 Soleo
380 707 437 750 non
449 689 693 777 numquaml(naun
707 687 736 748 id
751 690 845 766 ipsum
860 686 972 766 qnando
989 689 1128 766 contingit
1135 685 1212 767 !)lde

204 775 248 834 his
268 773 506 853 occupationibus
519 773 596 850 apud
609 771 775 850 Euphraten
790 773 882 851 queri.
901 770 955 831 lllc
969 789 1015 832 mc
1033 771 1243 848 consolatur,5

203 857 329 917 adfirmat
345 859 429 917 etiam
444 875 511 918 esse
525 855 598 916 hanc
610 855 812 934 philosophiae
825 855 980 933 etquidem
992 855 1212 933 pulcherrimam

203 951 324 1019 partem,
339 959 426 1018 agere
438 943 586 1019 negotium
602 939 759 1019 publicum,
778 957 969 1018 cognoscere,
986 939 1128 1017 iudicare,
1145 957 1212 1018 pro·

203 1042 281 1084 mere
293 1033 322 1084 et
331 1043 470 1085 exercere
481 1025 628 1101 iustitiam,
642 1042 775 1103 quaeque
786 1024 842 1102 ipsi
855 1022 977 1084 doceant
989 1025 1018 1083 in
1029 1041 1083 1084 usu
1093 1023 1213 1084 habere.

164 1107 274 1176 11llihi
289 1117 383 1168 tamen
395 1108 453 1168 hoc
468 1126 554 1168 unum
572 1126 629 1168 non
650 1107 825 1185 persuadet,
846 1111 934 1169 satius
955 1126 1023 1168 esse
1043 1110 1098 1168 ista
1114 1108 1214 1168 iacere
1309 1171 1310 1180 ,

206 1210 289 1271 qnam
310 1211 374 1251 cum
393 1192 444 1252 illo
466 1193 529 1254 dics
552 1201 630 1253 totos
652 1191 794 1252 audiendo
815 1191 1010 1269 discendoque
1032 1209 1214 1253 consumere.
1225 1209 1266 1259 lo
1309 1223 1310 1232 κ

206 1275 272 1349 Quo
283 1279 373 1355 magis
385 1286 426 1353 te,
440 1279 486 1336 cui
499 1285 592 1354 vacat,
604 1276 716 1354 hortor,
728 1293 792 1335 cum
800 1277 830 1335 in
838 1277 937 1336 urbem
952 1277 1081 1354 proxime
1096 1277 1213 1337 veneris

206 1361 321 1440 (venias
335 1369 430 1421 autem
442 1362 479 1422 oh
494 1361 551 1421 hoc
564 1361 728 1436 maturius),
742 1359 782 1420 illi
794 1369 823 1420 te
837 1359 1038 1437 expoliendum
1049 1359 1214 1420 limandum·
1309 1357 1310 1392 l

167 1458 196 1510 12
207 1463 263 1522 que
279 1447 436 1523 permittas.
471 1443 574 1524 Neque
588 1447 662 1505 enim
678 1461 752 1522 ego,
770 1452 803 1503 nt
815 1443 895 1504 multi
904 1490 913 1522 ,
928 1443 1042 1505 invideo
1057 1443 1120 1505 aliis
1134 1445 1214 1504 bono
1309 1437 1310 1458 ¹

206 1545 263 1607 quo
271 1529 337 1606 ipse
346 1546 444 1608 careo,
457 1528 509 1590 sed
522 1537 743 1590 contrasensnm
755 1527 895 1607 quendam
902 1526 1136 1607 voluptatemque
1145 1545 1214 1606 per·
1309 1543 1310 1550 ¹

205 1613 293 1690 cipio,
306 1613 331 1673 si
343 1630 377 1672 ea
390 1630 463 1692 quae
474 1612 541 1672 mihi
551 1612 727 1689 denegantur
734 1612 833 1672 amicis
843 1611 929 1672 video
939 1629 1106 1690 superesse.
1128 1611 1212 1672 Vale.
1224 1631 1264 1682 15

678 1745 731 1808 ²⁰·

453 1845 480 1896 O.
496 1845 623 1898 PLlNlUS
637 1845 733 1897 FABIO
747 1846 840 1899 lUSTO
856 1847 916 1900 SUO
935 1847 962 1902 S.
1309 1886 1310 1902 t

182 1969 197 2020 1
269 1949 342 2010 Olim
357 1949 424 2009 mihi
439 1949 530 2012 nullas
548 1951 688 2030 epistulas
702 1953 801 2013 mittis.
835 1951 914 2014 Nihil
929 1961 990 2031 est,
1010 1953 1115 2030 inquis,
1133 1953 1213 2030 quod
1309 1917 1310 1980 ¹

205 2034 338 2095 scribam.
358 2034 397 2094 Aa
410 2032 468 2094 hoc
482 2036 576 2113 ipsum
591 2037 688 2096 scribe
703 2035 773 2096 nihil
789 2056 856 2098 esse
873 2037 951 2116 quod
966 2037 1087 2114 scrihas,
1102 2035 1151 2095 vel
1163 2053 1262 2105 so·20

204 2118 263 2177 lum
276 2117 352 2177 illud
370 2118 445 2178 unde
465 2120 596 2197 incipere
613 2121 724 2198 priores
740 2119 872 2181 solebant
887 2123 924 2182 ‘si
939 2120 1036 2199 vales,
1059 2120 1133 2179 bene
1149 2129 1211 2189 est;

206 2218 263 2280 ego
277 2200 385 2262 valeo?
407 2201 470 2263 Hoc
484 2203 552 2265 mihi
568 2203 689 2272 sullicit3
703 2212 748 2265 est
763 2207 837 2264 enim
851 2206 1009 2266 maximum.
1038 2202 1150 2264 Ludere
1164 2222 1212 2264 me
1309 2187 1310 2276 l

181 2282 312 2364 spuunt
334 2287 412 2347 serio
434 2295 514 2365 peto.
549 2285 606 2348 Fac
620 2289 707 2348 sciam
723 2287 791 2367 quid
804 2305 886 2367 agas,
903 2288 979 2368 quod
995 2290 1056 2350 sine
1072 2286 1212 2348 sollicitu-

206 2369 272 2430 dine
287 2385 393 2431 summa
406 2372 522 2431 nescire
538 2388 594 2430 non
608 2389 735 2449 possum.
766 2371 847 2432 Vale.
931 2399 936 2410 ,
1309 2399 1310 2428 2

674 2504 740 2568 ΧΗ.

391 2605 418 2658 c.
439 2571 565 2656 romnus
585 2604 765 2657 onnusnnro
784 2604 895 2656 amour
914 2604 975 2657 suo
993 2605 1021 2660 o.

182 2719 197 2770 1
271 2701 410 2764 lactucam
425 2705 620 2780 gravissimam
634 2706 703 2784 ieci,
721 2708 745 2767 si
765 2708 872 2768 iactura
888 2705 1008 2767 dicenda
1020 2715 1065 2767 est
1075 2706 1144 2766 tanti
1154 2706 1210 2766 viri
1309 2725 1310 2744 ¹

205 2787 332 2847 amissio.
367 2785 504 2848 Decessit
523 2786 668 2850 Corellius
682 2788 792 2868 liuius,
812 2800 841 2851 et
857 2789 972 2868 quidem
988 2798 1108 2869 sponte,
1133 2789 1212 2868 quod
1309 2839 1310 2844 ,

205 2869 336 2930 dolorem
350 2887 444 2930 mcum
455 2867 611 2932 exulcerat.
626 2871 680 2935 Est
691 2876 766 2934 enim
777 2873 1022 2935 luctuosissimum
1032 2891 1125 2952 genus
1135 2885 1259 2939 mor-30

181 2955 244 3022 atis
259 2971 333 3032 quae
353 2971 410 3013 non
425 2973 463 3014 ex
477 2963 574 3016 natura
587 2973 643 3017 nec
662 2958 755 3019 iatalis
769 2957 891 3018 videtur.
924 2956 996 3018 Nam
1010 2966 1164 3036 utcumque
1181 2959 1211 3017 in
1309 2969 1310 3010 l

206 3037 325 3115 illisqui
339 3038 441 3098 morbo
457 3039 590 3100 liniuntur
602 3058 733 3120 magnum
748 3061 785 3102 ex
798 3044 862 3120 ipsa
878 3043 1054 3106 necessitate
1070 3041 1211 3103 solacium
1309 3103 1310 3120 ἶ

207 3129 269 3198 est,
289 3123 318 3180 in
338 3123 376 3182 iis
394 3139 465 3182 vero
479 3140 552 3201 quos
568 3127 707 3186 arcessita
719 3142 796 3186 mors
810 3127 904 3186 aufert
916 3124 965 3185 hic
979 3125 1144 3187 insanabilis
1159 3125 1210 3185 do·
1309 3143 1310 3208 j

183 3204 253 3270 tior
268 3213 330 3281 ast,
353 3205 431 3282 quod
451 3207 605 3269 creduntur
618 3211 750 3287 potuisse
767 3209 816 3270 diu
829 3211 938 3270 vivere.
974 3207 1133 3270 Corellium
1148 3210 1210 3288 qui·
1309 3227 1310 3234 ³

206 3289 272 3348 dem
286 3306 393 3350 snrnma
406 3292 490 3368 ratio,
505 3309 578 3371 quae
589 3293 766 3370 sapientibus
777 3310 830 3370 pro
841 3297 1017 3355 necessitate
1030 3303 1086 3372 est,
1104 3293 1140 3353 ad
1153 3293 1254 3354 hoc35
1309 3325 1310 3372 3

207 3372 358 3433 consilium
370 3373 518 3453 compulit,
535 3393 703 3454 quamquam
717 3375 852 3454 plurimas
863 3377 977 3439 vivendi
990 3395 1090 3439 causas
1103 3376 1210 3438 haben·

205 3465 274 3534 tem,
291 3458 425 3536 optimam
440 3460 656 3537 conscientiam,
674 3461 807 3538 optimam
823 3461 934 3540 famam,
950 3463 1096 3521 maximam
1111 3470 1208 3521 aucto·

204 3539 334 3618 ritatem,
351 3549 498 3618 praeterea
518 3541 602 3602 liliam
623 3560 742 3603 uxorem
762 3553 899 3622 nepotem
921 3562 1055 3622 sorores,
1078 3546 1208 3624 interque

1222 2465 1261 2517 ae
