2616 4096
330 320 594 382 EPISTULARUM
606 321 682 382 vili.
703 332 858 386 1213114.
1039 325 1099 390 los

84 475 295 534 iunctissimum
312 473 474 553 exemplar,
498 475 546 555 qui
565 475 689 552 denique
711 493 776 536 euru
796 477 976 555 potissimum
992 478 1098 540 imitan-

85 557 153 617 dum
168 557 259 618 babes
279 559 324 618 cui
338 567 435 619 nutura
453 575 520 620 esse
536 569 564 618 te
580 558 749 620 simillimum
759 561 860 622 voluit.
892 561 975 622 Vale.

546 691 640 752 Xllll.

58 819 74 868 5
363 790 390 840 o.
409 791 534 844 nouus
552 790 704 843 nmsrour
723 791 783 844 suo
802 791 828 842 s

151 890 279 953 cumeis
297 894 485 972 peritissimus
501 904 531 954 et
544 897 646 974 privati
663 895 732 954 iuris
747 904 776 955 et
791 893 917 973 publici,
932 896 1014 957 cuius
1029 914 1095 976 pars
1103 925 1119 976 1
1191 957 1194 964 ,

83 977 260 1040 senatorium
278 987 341 1055 est,
365 979 449 1057 cupio
470 987 551 1039 exte
572 979 751 1058 potissimum
765 979 879 1055 audire,
898 982 1051 1042 erraverim
1067 983 1095 1042 iu

82 1071 187 1123 senatu
207 1061 336 1140 proxime
359 1080 469 1140 necne,
497 1079 554 1122 nou
574 1073 605 1124 ut
623 1064 651 1123 in
671 1065 853 1141 praeteritum
874 1064 985 1142 (serum
1003 1067 1093 1145 enim)
1197 1059 1204 1069 ’

81 1164 185 1206 verum
201 1154 232 1204 ut
244 1147 273 1204 in
289 1145 429 1225 futurum,
447 1149 472 1208 si
488 1147 555 1227 quid
570 1147 661 1208 simile
681 1147 831 1224 inciderit,
851 1146 970 1210 erudiar.
1002 1149 1120 1226 Dicesp

40 1235 152 1297 lo‘cur
166 1229 280 1309 quaeris
297 1229 374 1308 quod
390 1248 478 1291 nosse
494 1229 660 1292 debebss‘l'
688 1230 815 1291 Priorum
829 1240 989 1311 temporum
1003 1237 1093 1295 servi·

79 1324 129 1375 tus
144 1323 178 1373 ut
191 1312 306 1374 aliarum
324 1316 490 1392 optimarum
509 1316 608 1376 ortium
630 1317 672 1375 sic
686 1315 772 1374 etiam
784 1316 854 1375 iuris
869 1317 1004 1376 senatorii
1019 1317 1092 1378 obli·

78 1400 198 1459 sionem
220 1397 355 1476 quandum
379 1407 408 1458 et
431 1399 616 1476 ignorantiam
636 1399 752 1460 induxit.
791 1397 902 1473 Quotus
923 1401 996 1461 enim
1015 1403 1117 1481 quisse,

80 1501 140 1562 que
163 1491 220 1542 tam
239 1482 350 1561 patiens
372 1491 402 1542 ut
422 1482 493 1544 velit
515 1484 628 1545 discere
650 1484 728 1562 quod
748 1484 777 1543 in
791 1502 845 1544 usu
859 1501 917 1544 nou
931 1486 968 1546 sit
982 1484 1091 1548 babitu-

78 1565 153 1627 rus?
175 1565 257 1626 Adde
274 1566 351 1646 quod
364 1567 482 1627 difficile
499 1577 544 1630 est
560 1576 660 1629 tenere
673 1585 746 1647 quae
761 1571 923 1648 acceperis,
939 1568 993 1629 uisi
1008 1588 1092 1632 exer·

36 1661 69 1714 15
80 1669 162 1712 ceas.
184 1649 283 1730 ltaque
298 1650 416 1712 reducta
431 1651 548 1713 libertas
560 1653 646 1713 rudes
661 1669 715 1713 nos
731 1661 760 1712 et
773 1653 913 1731 inperitos
929 1652 1096 1731 deprehen.

77 1735 136 1804 dit;
167 1737 247 1796 cuius
268 1735 420 1796 dulcedine
441 1737 557 1798 accensi
583 1737 713 1814 cogimur
739 1734 876 1815 quaedam
902 1736 1000 1796 lacere
1023 1747 1091 1800 ante

76 1837 272 1899 quamnosse.
305 1818 374 1880 Erat
393 1829 486 1881 nutem
502 1821 655 1899 antiquitus
676 1822 832 1881 institutum
850 1829 881 1879 ut
900 1814 1112 1887 amoioriousd

75 1913 146 1964 natu
162 1920 218 1964 uon
235 1905 349 1965 auribus
368 1905 454 1965 modo
474 1906 675 1966 verumetiam
697 1904 790 1966 oculis
812 1904 989 1966 disceremus
1014 1924 1088 1984 quae

75 1987 211 2048 iacienda
231 2005 298 2049 mox
318 1988 374 2066 ipsi
392 2007 426 2048 ac
447 1990 602 2068 pervices
622 1989 755 2068 quasdam
776 1987 913 2050 tradenda
931 1990 1087 2052 minoribus

30 2072 260 2133 boboberemus.
292 2070 361 2147 lude
381 2072 589 2135 adulescentuli
610 2075 703 2137 statim
726 2074 920 2135 castrensibus
935 2074 1113 2153 stipendiis5

73 2157 290 2235 imbuebantur,
312 2166 342 2217 ut
355 2157 495 2235 imperare
510 2157 652 2236 parendo,
669 2159 758 2219 duces
772 2176 877 2237 agere,
901 2157 967 2217 dum
983 2177 1086 2220 secuu-

73 2251 134 2320 tur,
151 2240 372 2302 adsuescerent:
387 2241 454 2301 inde
469 2241 593 2303 bonores
608 2243 725 2322 petituri
741 2242 916 2304 adsistebant
931 2243 1027 2303 curiae
1042 2244 1086 2304 lo·

72 2327 157 2387 ribus
172 2335 202 2386 et
214 2325 325 2386 consilii
336 2324 445 2405 publici
457 2336 637 2405 spectatores
651 2336 717 2387 unte
731 2345 813 2406 quam
829 2335 979 2387 consortes
994 2336 1084 2387 crant.

73 2410 155 2472 Suus
176 2411 278 2489 cuique
300 2428 403 2489 pareus
424 2427 478 2489 pro
500 2411 655 2489 magistro,
676 2421 723 2471 aut
744 2413 789 2471 cui
812 2428 917 2489 parens
937 2427 994 2470 nou
1009 2418 1111 2488 erano

29 2495 214 2559 i5maximus
229 2496 349 2573 quisque
365 2504 395 2556 et
407 2495 618 2557 vetustissimus
632 2511 685 2574 pro
700 2504 830 2574 parente.
856 2494 936 2567 Quae
953 2503 1083 2573 potestas
1170 2505 1179 2524 ⁸

72 2578 286 2658 referentibus,
309 2579 386 2658 quod
407 2581 590 2641 censentibus
610 2581 674 2657 ius,
699 2596 772 2658 quse
792 2579 837 2640 ris
858 2576 1081 2657 magistratibus,

74 2682 151 2744 quae
167 2665 273 2726 ceteris
288 2663 423 2742 libertas,
444 2664 492 2724 ubi
514 2664 689 2742 cedendum,
713 2664 761 2724 ubi
777 2661 986 2737 resistendum,
1006 2662 1083 2741 quod

73 2747 179 2809 silendi
195 2757 326 2828 tempus,
348 2750 411 2829 quis
428 2747 540 2809 dicendi
559 2748 678 2824 modus,
705 2766 778 2826 quae
794 2746 938 2807 distinctio
955 2764 1082 2825 pugnan-

72 2835 144 2894 tium
158 2835 371 2911 sententiarum,
384 2851 457 2912 quae
472 2833 621 2894 exsecutio
636 2832 779 2911 prioribus
790 2830 895 2910 aliquid
906 2830 1081 2902 addentium;

30 2921 189 2978 boomnem
204 2917 509 2996 denique'senatorium
524 2934 648 2995 morem,
672 2916 749 2996 quod
761 2916 955 2978 fidelissimum
971 2918 1082 2996 praeci·

71 3002 172 3082 piendi
188 3020 297 3081 genus,
322 3001 463 3080 exemplis
480 3002 665 3063 docebantur.
700 3001 745 3062 nd
766 3019 820 3062 nos
839 3001 960 3062 iuvenes
978 3000 1108 3067 luimus?

72 3087 189 3167 quidem
206 3089 235 3147 in
252 3088 367 3156 castris;
391 3086 444 3147 sed
458 3103 522 3146 cum
537 3095 675 3165 suspecta
688 3087 798 3162 virtus,
819 3087 919 3145 inertia
933 3085 961 3142 in
975 3085 1080 3163 pretio,

72 3189 138 3232 cum
153 3171 273 3232 ducibus
284 3171 436 3233 auctoritas
454 3169 548 3248 nulla,
564 3170 640 3231 nulla
653 3169 790 3232 militibus
802 3166 991 3243 verecundia,
1014 3185 1081 3227 uus·

71 3273 156 3336 quam
166 3258 324 3335 imperium,
337 3273 475 3334 nusquam
486 3256 666 3334 obsequium,
684 3255 776 3315 omnia
789 3252 893 3329 soluta,
908 3251 1018 3310 turbata
1031 3248 1081 3310 ad·

28 3348 130 3420 isque
151 3340 235 3400 etism
250 3342 279 3400 in
301 3335 471 3401 contrariuln
486 3357 588 3416 vorsu,
614 3347 761 3418 postremo
781 3332 978 3398 obliviscenda
990 3334 1080 3411 magis

72 3440 158 3504 quam
171 3423 303 3485 tenenda.
337 3423 416 3484 ldem
437 3423 639 3502 prospeximus
655 3423 777 3498 curiam,
804 3419 857 3481 sed
873 3418 979 3478 curiam
992 3418 1106 3496 tropi-8

72 3509 136 3570 dam
151 3518 181 3568 et
200 3507 361 3587 elinguem,
383 3527 446 3568 cum
463 3507 561 3568 dicere
576 3507 652 3587 quod
669 3506 763 3568 velles
778 3501 989 3583 periculosum,
1004 3499 1081 3581 quod

71 3592 167 3654 nolles
184 3593 318 3654 miserum
338 3602 428 3654 esset.
459 3590 533 3667 Quid
552 3601 621 3652 tunc
642 3591 714 3652 disci
731 3590 839 3669 potuit,
856 3586 929 3734 ppid
944 3585 1081 3648 didicisse
