<?xml version="1.0" encoding="UTF-8"?>
<!DOCTYPE html PUBLIC "-//W3C//DTD XHTML 1.0 Transitional//EN"
    "http://www.w3.org/TR/xhtml1/DTD/xhtml1-transitional.dtd">
<html xmlns="http://www.w3.org/1999/xhtml" xml:lang="en" lang="en">
 <head>
  <title>
</title>
<meta http-equiv="Content-Type" content="text/html;charset=utf-8" />
  <meta name='ocr-system' content='tesseract 3.04.00' />
  <meta name='ocr-capabilities' content='ocr_page ocr_carea ocr_par ocr_line ocrx_word'/>
</head>
<body>
  <div class='ocr_page' id='page_1' title='image "./epistularumlibr00plingoog_0043.png"; bbox 0 0 2632 4102; ppageno 0'>
   <div class='ocr_carea' id='block_1_1' title="bbox 228 239 806 312">
    <p class='ocr_par' dir='ltr' id='par_1_1' title="bbox 228 239 806 312">
     <span class='ocr_line' id='line_1_1' title="bbox 228 239 806 312; baseline -0.014 -3"><span class='ocrx_word' id='word_1_1' title='bbox 228 247 268 310; x_wconf 88' lang='grc'><strong>16</strong></span> <span class='ocrx_word' id='word_1_2' title='bbox 498 305 503 312; x_wconf 78' lang='grc'><em>,</em></span> <span class='ocrx_word' id='word_1_3' title='bbox 653 240 686 303; x_wconf 81' lang='lat'><strong>0.</strong></span> <span class='ocrx_word' id='word_1_4' title='bbox 707 239 806 302; x_wconf 85' lang='lat' dir='ltr'><strong>PLlNl</strong></span> 
     </span>
    </p>
   </div>
   <div class='ocr_carea' id='block_1_2' title="bbox 137 393 1304 892">
    <p class='ocr_par' dir='ltr' id='par_1_2' title="bbox 137 393 1304 902">
     <span class='ocr_line' id='line_1_2' title="bbox 209 393 1234 473; baseline -0.005 -14"><span class='ocrx_word' id='word_1_5' title='bbox 209 427 210 430; x_wconf 38' lang='lat'>¹</span> <span class='ocrx_word' id='word_1_6' title='bbox 227 415 341 460; x_wconf 90' lang='lat' dir='ltr'><strong>causam</strong></span> <span class='ocrx_word' id='word_1_7' title='bbox 352 393 414 456; x_wconf 89' lang='lat' dir='ltr'><strong>luni</strong></span> <span class='ocrx_word' id='word_1_8' title='bbox 430 394 568 473; x_wconf 76' lang='lat' dir='ltr'><strong>Pastoris,</strong></span> <span class='ocrx_word' id='word_1_9' title='bbox 584 412 648 456; x_wconf 91' lang='lat' dir='ltr'><strong>cum</strong></span> <span class='ocrx_word' id='word_1_10' title='bbox 661 394 728 455; x_wconf 91' lang='lat' dir='ltr'><strong>mibi</strong></span> <span class='ocrx_word' id='word_1_11' title='bbox 743 395 903 473; x_wconf 73' lang='lat' dir='ltr'><strong>quiescenti</strong></span> <span class='ocrx_word' id='word_1_12' title='bbox 917 394 979 454; x_wconf 85' lang='lat' dir='ltr'><strong>risa</strong></span> <span class='ocrx_word' id='word_1_13' title='bbox 994 401 1040 454; x_wconf 89' lang='lat' dir='ltr'><strong>est</strong></span> <span class='ocrx_word' id='word_1_14' title='bbox 1053 410 1155 453; x_wconf 91' lang='lat' dir='ltr'><strong>socrus</strong></span> <span class='ocrx_word' id='word_1_15' title='bbox 1169 410 1234 454; x_wconf 86' lang='lat' dir='ltr'><strong>mea</strong></span> 
     </span>
     <span class='ocr_line' id='line_1_3' title="bbox 226 475 1234 557; baseline -0.006 -14"><span class='ocrx_word' id='word_1_16' title='bbox 226 479 360 543; x_wconf 82' lang='lat' dir='ltr'><strong>advoluta</strong></span> <span class='ocrx_word' id='word_1_17' title='bbox 373 480 495 557; x_wconf 75' lang='lat' dir='ltr'><strong>genibus</strong></span> <span class='ocrx_word' id='word_1_18' title='bbox 511 497 547 538; x_wconf 91' lang='lat' dir='ltr'><strong>ne</strong></span> <span class='ocrx_word' id='word_1_19' title='bbox 562 495 678 556; x_wconf 79' lang='lat' dir='ltr'><strong>agerem</strong></span> <span class='ocrx_word' id='word_1_20' title='bbox 692 479 858 539; x_wconf 88' lang='lat' dir='ltr'><strong>obsecrare.</strong></span> <span class='ocrx_word' id='word_1_21' title='bbox 886 475 924 537; x_wconf 84' lang='lat' dir='ltr'><strong>Et</strong></span> <span class='ocrx_word' id='word_1_22' title='bbox 939 493 1016 537; x_wconf 87' lang='lat' dir='ltr'><strong>aram</strong></span> <span class='ocrx_word' id='word_1_23' title='bbox 1034 484 1150 537; x_wconf 86' lang='lat' dir='ltr'><strong>acturus</strong></span> <span class='ocrx_word' id='word_1_24' title='bbox 1165 476 1234 537; x_wconf 88' lang='lat' dir='ltr'><strong>adu·</strong></span> 
     </span>
     <span class='ocr_line' id='line_1_4' title="bbox 137 561 1304 641; baseline -0.001 -16"><span class='ocrx_word' id='word_1_25' title='bbox 137 578 153 616; x_wconf 64' lang='grc' dir='ltr'><strong>ι</strong></span> <span class='ocrx_word' id='word_1_26' title='bbox 227 562 406 626; x_wconf 89' lang='lat' dir='ltr'><strong>lesoeutulus</strong></span> <span class='ocrx_word' id='word_1_27' title='bbox 420 562 523 640; x_wconf 89' lang='lat' dir='ltr'><strong>adbuc,</strong></span> <span class='ocrx_word' id='word_1_28' title='bbox 539 580 616 622; x_wconf 87' lang='lat' dir='ltr'><strong>eram</strong></span> <span class='ocrx_word' id='word_1_29' title='bbox 626 563 654 622; x_wconf 92' lang='lat' dir='ltr'><strong>in</strong></span> <span class='ocrx_word' id='word_1_30' title='bbox 666 561 842 641; x_wconf 56' lang='lat' dir='ltr'><strong>quabuplici</strong></span> <span class='ocrx_word' id='word_1_31' title='bbox 852 561 968 638; x_wconf 89' lang='lat' dir='ltr'><strong>iudicio,</strong></span> <span class='ocrx_word' id='word_1_32' title='bbox 985 577 1062 622; x_wconf 89' lang='lat' dir='ltr'><strong>eram</strong></span> <span class='ocrx_word' id='word_1_33' title='bbox 1073 569 1234 639; x_wconf 89' lang='lat' dir='ltr'><strong>contrapo-</strong></span> <span class='ocrx_word' id='word_1_34' title='bbox 1303 599 1304 624; x_wconf 54' lang='grc' dir='ltr'><strong>ι</strong></span> 
     </span>
     <span class='ocr_line' id='line_1_5' title="bbox 228 639 1304 726; baseline -0.008 -14"><span class='ocrx_word' id='word_1_35' title='bbox 228 649 404 712; x_wconf 88' lang='lat' dir='ltr'><strong>tentissimos</strong></span> <span class='ocrx_word' id='word_1_36' title='bbox 420 648 541 708; x_wconf 88' lang='lat' dir='ltr'><strong>civitatis</strong></span> <span class='ocrx_word' id='word_1_37' title='bbox 553 656 640 726; x_wconf 90' lang='lat' dir='ltr'><strong>atque</strong></span> <span class='ocrx_word' id='word_1_38' title='bbox 654 649 738 708; x_wconf 89' lang='lat' dir='ltr'><strong>etlam</strong></span> <span class='ocrx_word' id='word_1_39' title='bbox 750 644 881 707; x_wconf 79' lang='lat' dir='ltr'><strong>Caesaris</strong></span> <span class='ocrx_word' id='word_1_40' title='bbox 895 646 1018 714; x_wconf 88' lang='lat' dir='ltr'><strong>amicos;</strong></span> <span class='ocrx_word' id='word_1_41' title='bbox 1033 663 1106 722; x_wconf 90' lang='lat' dir='ltr'><strong>quae</strong></span> <span class='ocrx_word' id='word_1_42' title='bbox 1121 643 1234 722; x_wconf 78' lang='lat' dir='ltr'><strong>singula</strong></span> <span class='ocrx_word' id='word_1_43' title='bbox 1303 639 1304 704; x_wconf 84' lang='lat' dir='ltr'><strong>l</strong></span> 
     </span>
     <span class='ocr_line' id='line_1_6' title="bbox 205 726 1304 808; baseline -0.004 -18"><span class='ocrx_word' id='word_1_44' title='bbox 205 737 368 794; x_wconf 73' lang='lat' dir='ltr'><strong>texentem</strong></span> <span class='ocrx_word' id='word_1_45' title='bbox 381 739 506 790; x_wconf 86' lang='lat' dir='ltr'><strong>mentem</strong></span> <span class='ocrx_word' id='word_1_46' title='bbox 518 730 586 790; x_wconf 90' lang='lat' dir='ltr'><strong>mibi</strong></span> <span class='ocrx_word' id='word_1_47' title='bbox 599 739 667 808; x_wconf 91' lang='lat' dir='ltr'><strong>post</strong></span> <span class='ocrx_word' id='word_1_48' title='bbox 684 739 740 792; x_wconf 87' lang='lat' dir='ltr'><strong>tam</strong></span> <span class='ocrx_word' id='word_1_49' title='bbox 756 733 838 790; x_wconf 83' lang='lat' dir='ltr'><strong>triste</strong></span> <span class='ocrx_word' id='word_1_50' title='bbox 852 731 991 790; x_wconf 85' lang='lat' dir='ltr'><strong>somnium</strong></span> <span class='ocrx_word' id='word_1_51' title='bbox 1004 737 1147 807; x_wconf 86' lang='lat' dir='ltr'><strong>poterant.</strong></span> <span class='ocrx_word' id='word_1_52' title='bbox 1174 726 1256 805; x_wconf 74' lang='lat' dir='ltr'><strong>Egit</strong></span> <span class='ocrx_word' id='word_1_53' title='bbox 1303 767 1304 774; x_wconf 34' lang='grc' dir='ltr'><strong>ι</strong></span> 
     </span>
     <span class='ocr_line' id='line_1_7' title="bbox 228 807 640 892; baseline -0.008 -14"><span class='ocrx_word' id='word_1_54' title='bbox 228 827 322 878; x_wconf 90' lang='lat' dir='ltr'><strong>tamen</strong></span> <span class='ocrx_word' id='word_1_55' title='bbox 336 817 374 876; x_wconf 80' lang='lat' dir='ltr'><strong>lo</strong></span> <span class='ocrx_word' id='word_1_56' title='bbox 399 807 555 892; x_wconf 81' lang='grc' dir='ltr'><strong>ισάμενος</strong></span> <span class='ocrx_word' id='word_1_57' title='bbox 568 813 640 875; x_wconf 91' lang='lat' dir='ltr'><strong>illud</strong></span> 
     </span>
    </p>
   </div>
   <div class='ocr_carea' id='block_1_3' title="bbox 128 887 1274 1731">
    <p class='ocr_par' dir='ltr' id='par_1_3' title="bbox 128 887 1274 1731">
     <span class='ocr_line' id='line_1_8' title="bbox 348 887 1119 976; baseline -0.004 -18"><span class='ocrx_word' id='word_1_58' title='bbox 348 916 363 958; x_wconf 84' lang='grc' dir='ltr'><em>ε</em></span> <span class='ocrx_word' id='word_1_59' title='bbox 379 918 395 969; x_wconf 86' lang='grc' dir='ltr'><strong><em>ς</em></strong></span> <span class='ocrx_word' id='word_1_60' title='bbox 407 888 527 970; x_wconf 80' lang='grc' dir='ltr'><strong><em>οἰωνὸς</em></strong></span> <span class='ocrx_word' id='word_1_61' title='bbox 544 889 678 976; x_wconf 72' lang='grc' dir='ltr'><strong>ἄριστος</strong></span> <span class='ocrx_word' id='word_1_62' title='bbox 689 887 883 976; x_wconf 74' lang='grc' dir='ltr'><strong>ἀμύνασθαι</strong></span> <span class='ocrx_word' id='word_1_63' title='bbox 896 890 972 973; x_wconf 78' lang='grc' dir='ltr'><strong>περὶ</strong></span> <span class='ocrx_word' id='word_1_64' title='bbox 983 888 1119 976; x_wconf 75' lang='grc' dir='ltr'><strong><em>πάτρης.</em></strong></span> 
     </span>
     <span class='ocr_line' id='line_1_9' title="bbox 228 979 1234 1060; baseline -0.005 -16"><span class='ocrx_word' id='word_1_65' title='bbox 228 982 300 1044; x_wconf 89' lang='lat' dir='ltr'><strong>Nam</strong></span> <span class='ocrx_word' id='word_1_66' title='bbox 313 981 380 1042; x_wconf 89' lang='lat' dir='ltr'><strong>mibi</strong></span> <span class='ocrx_word' id='word_1_67' title='bbox 401 983 490 1060; x_wconf 90' lang='lat' dir='ltr'><strong>patria</strong></span> <span class='ocrx_word' id='word_1_68' title='bbox 511 990 541 1042; x_wconf 89' lang='lat' dir='ltr'><strong>et</strong></span> <span class='ocrx_word' id='word_1_69' title='bbox 559 983 584 1046; x_wconf 92' lang='lat' dir='ltr'><strong>si</strong></span> <span class='ocrx_word' id='word_1_70' title='bbox 604 982 671 1060; x_wconf 91' lang='lat' dir='ltr'><strong>quid</strong></span> <span class='ocrx_word' id='word_1_71' title='bbox 693 983 785 1042; x_wconf 86' lang='lat' dir='ltr'><strong>carius</strong></span> <span class='ocrx_word' id='word_1_72' title='bbox 806 980 878 1043; x_wconf 89' lang='lat' dir='ltr'><strong>tides</strong></span> <span class='ocrx_word' id='word_1_73' title='bbox 899 979 1059 1042; x_wconf 86' lang='lat' dir='ltr'><strong>videbatur.</strong></span> <span class='ocrx_word' id='word_1_74' title='bbox 1090 979 1234 1058; x_wconf 81' lang='lat' dir='ltr'><strong>Pnospere</strong></span> 
     </span>
     <span class='ocr_line' id='line_1_10' title="bbox 230 1063 1234 1144; baseline -0.003 -17"><span class='ocrx_word' id='word_1_75' title='bbox 230 1069 336 1144; x_wconf 88' lang='lat' dir='ltr'><strong>cessit,</strong></span> <span class='ocrx_word' id='word_1_76' title='bbox 358 1075 443 1144; x_wconf 90' lang='lat' dir='ltr'><strong>atque</strong></span> <span class='ocrx_word' id='word_1_77' title='bbox 459 1065 531 1126; x_wconf 87' lang='lat' dir='ltr'><strong>adeo</strong></span> <span class='ocrx_word' id='word_1_78' title='bbox 546 1065 595 1126; x_wconf 92' lang='lat' dir='ltr'><strong>illa</strong></span> <span class='ocrx_word' id='word_1_79' title='bbox 609 1067 685 1128; x_wconf 88' lang='lat' dir='ltr'><strong>actio</strong></span> <span class='ocrx_word' id='word_1_80' title='bbox 699 1063 765 1125; x_wconf 89' lang='lat' dir='ltr'><strong>mibi</strong></span> <span class='ocrx_word' id='word_1_81' title='bbox 782 1083 866 1126; x_wconf 89' lang='lat' dir='ltr'><strong>aures</strong></span> <span class='ocrx_word' id='word_1_82' title='bbox 880 1065 1040 1141; x_wconf 91' lang='lat' dir='ltr'><strong>bominum,</strong></span> <span class='ocrx_word' id='word_1_83' title='bbox 1061 1063 1110 1123; x_wconf 91' lang='lat' dir='ltr'><strong>illa</strong></span> <span class='ocrx_word' id='word_1_84' title='bbox 1124 1064 1234 1124; x_wconf 89' lang='lat' dir='ltr'><strong>ianuam</strong></span> 
     </span>
     <span class='ocr_line' id='line_1_11' title="bbox 202 1147 1274 1230; baseline -0.003 -21"><span class='ocrx_word' id='word_1_85' title='bbox 202 1151 320 1212; x_wconf 72' lang='lat' dir='ltr'><strong>clamne</strong></span> <span class='ocrx_word' id='word_1_86' title='bbox 335 1148 483 1230; x_wconf 82' lang='lat' dir='ltr'><strong>patefecit.</strong></span> <span class='ocrx_word' id='word_1_87' title='bbox 512 1148 633 1210; x_wconf 80' lang='lat' dir='ltr'><strong>Proinde</strong></span> <span class='ocrx_word' id='word_1_88' title='bbox 648 1149 759 1228; x_wconf 76' lang='lat' dir='ltr'><strong>dispice</strong></span> <span class='ocrx_word' id='word_1_89' title='bbox 773 1167 808 1210; x_wconf 90' lang='lat' dir='ltr'><strong>au</strong></span> <span class='ocrx_word' id='word_1_90' title='bbox 822 1158 852 1210; x_wconf 88' lang='lat' dir='ltr'><strong>tu</strong></span> <span class='ocrx_word' id='word_1_91' title='bbox 866 1165 982 1228; x_wconf 90' lang='lat' dir='ltr'><strong>quoque</strong></span> <span class='ocrx_word' id='word_1_92' title='bbox 997 1148 1052 1211; x_wconf 88' lang='lat' dir='ltr'><strong>sub</strong></span> <span class='ocrx_word' id='word_1_93' title='bbox 1066 1147 1123 1208; x_wconf 91' lang='lat' dir='ltr'><strong>hoc</strong></span> <span class='ocrx_word' id='word_1_94' title='bbox 1137 1156 1274 1211; x_wconf 83' lang='lat' dir='ltr'><strong>exem-10</strong></span> 
     </span>
     <span class='ocr_line' id='line_1_12' title="bbox 229 1230 1235 1314; baseline -0.003 -21"><span class='ocrx_word' id='word_1_95' title='bbox 229 1233 279 1314; x_wconf 88' lang='lat' dir='ltr'><strong>plo</strong></span> <span class='ocrx_word' id='word_1_96' title='bbox 299 1235 437 1296; x_wconf 88' lang='lat' dir='ltr'><strong>somnium</strong></span> <span class='ocrx_word' id='word_1_97' title='bbox 457 1234 575 1296; x_wconf 86' lang='lat' dir='ltr'><strong>istudin</strong></span> <span class='ocrx_word' id='word_1_98' title='bbox 591 1235 695 1294; x_wconf 90' lang='lat' dir='ltr'><strong>bonnm</strong></span> <span class='ocrx_word' id='word_1_99' title='bbox 709 1241 823 1312; x_wconf 85' lang='lat' dir='ltr'><strong>vertas,</strong></span> <span class='ocrx_word' id='word_1_100' title='bbox 845 1243 892 1294; x_wconf 90' lang='lat' dir='ltr'><strong>aut</strong></span> <span class='ocrx_word' id='word_1_101' title='bbox 912 1234 936 1294; x_wconf 91' lang='lat' dir='ltr'><strong>si</strong></span> <span class='ocrx_word' id='word_1_102' title='bbox 956 1233 1042 1294; x_wconf 85' lang='lat' dir='ltr'><strong>tutius</strong></span> <span class='ocrx_word' id='word_1_103' title='bbox 1061 1241 1144 1311; x_wconf 88' lang='lat' dir='ltr'><strong>putas</strong></span> <span class='ocrx_word' id='word_1_104' title='bbox 1164 1230 1235 1292; x_wconf 91' lang='lat' dir='ltr'><strong>illud</strong></span> 
     </span>
     <span class='ocr_line' id='line_1_13' title="bbox 128 1314 1235 1414; baseline -0.005 -35"><span class='ocrx_word' id='word_1_105' title='bbox 128 1350 141 1379; x_wconf 67' lang='lat' dir='ltr'><strong>a</strong></span> <span class='ocrx_word' id='word_1_106' title='bbox 230 1319 384 1380; x_wconf 78' lang='lat' dir='ltr'><strong>cautissimi</strong></span> <span class='ocrx_word' id='word_1_107' title='bbox 400 1318 539 1396; x_wconf 90' lang='lat' dir='ltr'><strong>cuiusque</strong></span> <span class='ocrx_word' id='word_1_108' title='bbox 552 1317 849 1414; x_wconf 65' lang='lat' dir='ltr'><strong>praeceptumq‘qood</strong></span> <span class='ocrx_word' id='word_1_109' title='bbox 870 1317 981 1378; x_wconf 86' lang='lat' dir='ltr'><strong>dubitas</strong></span> <span class='ocrx_word' id='word_1_110' title='bbox 1000 1335 1037 1378; x_wconf 91' lang='lat' dir='ltr'><strong>ne</strong></span> <span class='ocrx_word' id='word_1_111' title='bbox 1053 1317 1185 1393; x_wconf 70' lang='lat' dir='ltr'><strong>leceris’l</strong></span> <span class='ocrx_word' id='word_1_112' title='bbox 1207 1314 1235 1375; x_wconf 89' lang='lat' dir='ltr'><strong>id</strong></span> 
     </span>
     <span class='ocr_line' id='line_1_14' title="bbox 204 1400 1235 1481; baseline -0.001 -21"><span class='ocrx_word' id='word_1_113' title='bbox 204 1403 322 1481; x_wconf 76' lang='lat' dir='ltr'><strong>tipsum</strong></span> <span class='ocrx_word' id='word_1_114' title='bbox 336 1401 477 1462; x_wconf 82' lang='lat' dir='ltr'><strong>rescribe.</strong></span> <span class='ocrx_word' id='word_1_115' title='bbox 497 1400 562 1479; x_wconf 79' lang='lat' dir='ltr'><strong>Ego</strong></span> <span class='ocrx_word' id='word_1_116' title='bbox 577 1401 698 1480; x_wconf 88' lang='lat' dir='ltr'><strong>aliquam</strong></span> <span class='ocrx_word' id='word_1_117' title='bbox 709 1400 854 1480; x_wconf 84' lang='lat' dir='ltr'><strong>stropham</strong></span> <span class='ocrx_word' id='word_1_118' title='bbox 865 1401 1004 1460; x_wconf 88' lang='lat' dir='ltr'><strong>inveniam</strong></span> <span class='ocrx_word' id='word_1_119' title='bbox 1014 1418 1152 1478; x_wconf 79' lang='lat' dir='ltr'><strong>agamque</strong></span> <span class='ocrx_word' id='word_1_120' title='bbox 1169 1417 1235 1460; x_wconf 90' lang='lat' dir='ltr'><strong>cau·</strong></span> 
     </span>
     <span class='ocr_line' id='line_1_15' title="bbox 227 1482 1235 1563; baseline -0.004 -17"><span class='ocrx_word' id='word_1_121' title='bbox 227 1503 288 1546; x_wconf 88' lang='lat' dir='ltr'><strong>sam</strong></span> <span class='ocrx_word' id='word_1_122' title='bbox 303 1493 395 1562; x_wconf 90' lang='lat' dir='ltr'><strong>tuam,</strong></span> <span class='ocrx_word' id='word_1_123' title='bbox 413 1494 444 1545; x_wconf 92' lang='lat' dir='ltr'><strong>ut</strong></span> <span class='ocrx_word' id='word_1_124' title='bbox 460 1486 551 1563; x_wconf 87' lang='lat' dir='ltr'><strong>ipsam</strong></span> <span class='ocrx_word' id='word_1_125' title='bbox 570 1503 658 1563; x_wconf 86' lang='lat' dir='ltr'><strong>agere</strong></span> <span class='ocrx_word' id='word_1_126' title='bbox 679 1493 724 1559; x_wconf 90' lang='lat' dir='ltr'><strong>tu,</strong></span> <span class='ocrx_word' id='word_1_127' title='bbox 749 1503 811 1545; x_wconf 90' lang='lat' dir='ltr'><strong>cum</strong></span> <span class='ocrx_word' id='word_1_128' title='bbox 828 1485 930 1561; x_wconf 86' lang='lat' dir='ltr'><strong>voles,</strong></span> <span class='ocrx_word' id='word_1_129' title='bbox 952 1486 1059 1562; x_wconf 89' lang='lat' dir='ltr'><strong>possis.</strong></span> <span class='ocrx_word' id='word_1_130' title='bbox 1091 1482 1145 1544; x_wconf 81' lang='lat' dir='ltr'><strong>Est</strong></span> <span class='ocrx_word' id='word_1_131' title='bbox 1159 1485 1235 1544; x_wconf 86' lang='lat' dir='ltr'><strong>enim</strong></span> 
     </span>
     <span class='ocr_line' id='line_1_16' title="bbox 228 1567 1272 1644; baseline 0.001 -14"><span class='ocrx_word' id='word_1_132' title='bbox 228 1586 297 1630; x_wconf 86' lang='lat' dir='ltr'><strong>sane</strong></span> <span class='ocrx_word' id='word_1_133' title='bbox 313 1567 366 1628; x_wconf 90' lang='lat' dir='ltr'><strong>alia</strong></span> <span class='ocrx_word' id='word_1_134' title='bbox 382 1571 453 1629; x_wconf 91' lang='lat' dir='ltr'><strong>ratio</strong></span> <span class='ocrx_word' id='word_1_135' title='bbox 467 1577 531 1644; x_wconf 88' lang='lat' dir='ltr'><strong>tua,</strong></span> <span class='ocrx_word' id='word_1_136' title='bbox 555 1567 609 1628; x_wconf 91' lang='lat' dir='ltr'><strong>alia</strong></span> <span class='ocrx_word' id='word_1_137' title='bbox 622 1585 686 1628; x_wconf 91' lang='lat' dir='ltr'><strong>mea</strong></span> <span class='ocrx_word' id='word_1_138' title='bbox 699 1567 761 1626; x_wconf 86' lang='lat' dir='ltr'><strong>luit.</strong></span> <span class='ocrx_word' id='word_1_139' title='bbox 792 1567 863 1628; x_wconf 89' lang='lat' dir='ltr'><strong>Nam</strong></span> <span class='ocrx_word' id='word_1_140' title='bbox 876 1568 1010 1629; x_wconf 88' lang='lat' dir='ltr'><strong>iudicium</strong></span> <span class='ocrx_word' id='word_1_141' title='bbox 1028 1567 1232 1629; x_wconf 81' lang='lat' dir='ltr'><strong>oanbrmrirale</strong></span> <span class='ocrx_word' id='word_1_142' title='bbox 1244 1580 1272 1631; x_wconf 82' lang='lat'><strong>15</strong></span> 
     </span>
     <span class='ocr_line' id='line_1_17' title="bbox 229 1650 1234 1731; baseline -0.001 -20"><span class='ocrx_word' id='word_1_143' title='bbox 229 1652 335 1713; x_wconf 78' lang='lat' dir='ltr'><strong>differri</strong></span> <span class='ocrx_word' id='word_1_144' title='bbox 346 1651 424 1712; x_wconf 89' lang='lat' dir='ltr'><strong>nullo</strong></span> <span class='ocrx_word' id='word_1_145' title='bbox 435 1652 532 1731; x_wconf 79' lang='lat' dir='ltr'><strong>morlo,</strong></span> <span class='ocrx_word' id='word_1_146' title='bbox 546 1653 621 1713; x_wconf 85' lang='lat' dir='ltr'><strong>istud</strong></span> <span class='ocrx_word' id='word_1_147' title='bbox 632 1669 720 1730; x_wconf 87' lang='lat' dir='ltr'><strong>aegre</strong></span> <span class='ocrx_word' id='word_1_148' title='bbox 733 1653 846 1728; x_wconf 85' lang='lat' dir='ltr'><strong>quidem</strong></span> <span class='ocrx_word' id='word_1_149' title='bbox 858 1653 911 1714; x_wconf 87' lang='lat' dir='ltr'><strong>sed</strong></span> <span class='ocrx_word' id='word_1_150' title='bbox 921 1661 1015 1712; x_wconf 88' lang='lat' dir='ltr'><strong>tamen</strong></span> <span class='ocrx_word' id='word_1_151' title='bbox 1026 1659 1134 1730; x_wconf 89' lang='lat' dir='ltr'><strong>potest.</strong></span> <span class='ocrx_word' id='word_1_152' title='bbox 1149 1650 1234 1712; x_wconf 87' lang='lat' dir='ltr'><strong>Vale.</strong></span> 
     </span>
    </p>
   </div>
   <div class='ocr_carea' id='block_1_4' title="bbox 441 1785 1023 1940">
    <p class='ocr_par' dir='ltr' id='par_1_4' title="bbox 441 1785 1023 1940">
     <span class='ocr_line' id='line_1_18' title="bbox 441 1785 1023 1940; baseline 0.003 -6"><span class='ocrx_word' id='word_1_153' title='bbox 441 1883 469 1940; x_wconf 87' lang='lat' dir='ltr'><strong>G.</strong></span> <span class='ocrx_word' id='word_1_154' title='bbox 489 1883 615 1936; x_wconf 86' lang='lat' dir='ltr'>PLINIUS</span> <span class='ocrx_word' id='word_1_155' title='bbox 633 1785 781 1936; x_wconf 42' lang='lat' dir='ltr'><strong>llllffbqllllid</strong></span> <span class='ocrx_word' id='word_1_156' title='bbox 797 1883 897 1938; x_wconf 81' lang='lat' dir='ltr'><strong>FIHMO</strong></span> <span class='ocrx_word' id='word_1_157' title='bbox 915 1884 977 1937; x_wconf 86' lang='lat' dir='ltr'><strong>SUO</strong></span> <span class='ocrx_word' id='word_1_158' title='bbox 995 1883 1023 1936; x_wconf 88' lang='lat' dir='ltr'><strong>S.</strong></span> 
     </span>
    </p>
   </div>
   <div class='ocr_carea' id='block_1_5' title="bbox 205 1983 1304 3059">
    <p class='ocr_par' dir='ltr' id='par_1_5' title="bbox 209 1983 1304 2320">
     <span class='ocr_line' id='line_1_19' title="bbox 209 1983 1274 2067; baseline 0.002 -25"><span class='ocrx_word' id='word_1_159' title='bbox 209 1993 224 2042; x_wconf 87' lang='lat'><em>1</em></span> <span class='ocrx_word' id='word_1_160' title='bbox 296 1983 446 2064; x_wconf 81' lang='lat' dir='ltr'><strong>Municeps</strong></span> <span class='ocrx_word' id='word_1_161' title='bbox 467 1995 498 2046; x_wconf 93' lang='lat' dir='ltr'><strong>tu</strong></span> <span class='ocrx_word' id='word_1_162' title='bbox 516 2004 597 2048; x_wconf 89' lang='lat' dir='ltr'><strong>mens</strong></span> <span class='ocrx_word' id='word_1_163' title='bbox 617 1997 649 2048; x_wconf 90' lang='lat' dir='ltr'><strong>et</strong></span> <span class='ocrx_word' id='word_1_164' title='bbox 672 1987 884 2067; x_wconf 87' lang='lat' dir='ltr'><strong>condiscipulus</strong></span> <span class='ocrx_word' id='word_1_165' title='bbox 903 1997 933 2048; x_wconf 90' lang='lat' dir='ltr'><strong>et</strong></span> <span class='ocrx_word' id='word_1_166' title='bbox 955 1986 990 2046; x_wconf 92' lang='lat' dir='ltr'><strong>ab</strong></span> <span class='ocrx_word' id='word_1_167' title='bbox 1006 1986 1121 2048; x_wconf 88' lang='lat' dir='ltr'><strong>ineunte</strong></span> <span class='ocrx_word' id='word_1_168' title='bbox 1141 1992 1274 2046; x_wconf 70' lang='lat' dir='ltr'><strong>aetatem</strong></span> 
     </span>
     <span class='ocr_line' id='line_1_20' title="bbox 231 2068 1233 2150; baseline 0.002 -22"><span class='ocrx_word' id='word_1_169' title='bbox 231 2068 454 2145; x_wconf 88' lang='lat' dir='ltr'><strong>contubernalis,</strong></span> <span class='ocrx_word' id='word_1_170' title='bbox 469 2078 551 2150; x_wconf 91' lang='lat' dir='ltr'><strong>pater</strong></span> <span class='ocrx_word' id='word_1_171' title='bbox 565 2080 630 2134; x_wconf 87' lang='lat' dir='ltr'><strong>tuus</strong></span> <span class='ocrx_word' id='word_1_172' title='bbox 646 2081 675 2133; x_wconf 94' lang='lat' dir='ltr'><strong>et</strong></span> <span class='ocrx_word' id='word_1_173' title='bbox 685 2075 765 2134; x_wconf 89' lang='lat' dir='ltr'><strong>matri</strong></span> <span class='ocrx_word' id='word_1_174' title='bbox 777 2082 807 2134; x_wconf 94' lang='lat' dir='ltr'><strong>et</strong></span> <span class='ocrx_word' id='word_1_175' title='bbox 817 2070 958 2132; x_wconf 85' lang='lat' dir='ltr'><strong>avunculo</strong></span> <span class='ocrx_word' id='word_1_176' title='bbox 967 2087 1044 2146; x_wconf 91' lang='lat' dir='ltr'><strong>meo,</strong></span> <span class='ocrx_word' id='word_1_177' title='bbox 1059 2069 1126 2130; x_wconf 90' lang='lat' dir='ltr'><strong>mibi</strong></span> <span class='ocrx_word' id='word_1_178' title='bbox 1137 2070 1233 2146; x_wconf 86' lang='lat' dir='ltr'><strong>etiarn,</strong></span> 
     </span>
     <span class='ocr_line' id='line_1_21' title="bbox 231 2154 1235 2235; baseline 0.002 -23"><span class='ocrx_word' id='word_1_179' title='bbox 231 2163 365 2232; x_wconf 88' lang='lat' dir='ltr'><strong>quantum</strong></span> <span class='ocrx_word' id='word_1_180' title='bbox 375 2157 476 2218; x_wconf 86' lang='lat' dir='ltr'><strong>aetatis</strong></span> <span class='ocrx_word' id='word_1_181' title='bbox 491 2155 641 2218; x_wconf 84' lang='lat' dir='ltr'><strong>diversitas</strong></span> <span class='ocrx_word' id='word_1_182' title='bbox 656 2173 742 2234; x_wconf 88' lang='lat' dir='ltr'><strong>passa</strong></span> <span class='ocrx_word' id='word_1_183' title='bbox 755 2167 812 2235; x_wconf 89' lang='lat' dir='ltr'><strong>est,</strong></span> <span class='ocrx_word' id='word_1_184' title='bbox 827 2154 983 2225; x_wconf 57' lang='lat' dir='ltr'><strong>familiaria</strong></span> <span class='ocrx_word' id='word_1_185' title='bbox 996 2172 1115 2232; x_wconf 77' lang='lat' dir='ltr'><strong>magnae</strong></span> <span class='ocrx_word' id='word_1_186' title='bbox 1129 2162 1160 2214; x_wconf 89' lang='lat' dir='ltr'><strong>ct</strong></span> <span class='ocrx_word' id='word_1_187' title='bbox 1170 2171 1235 2231; x_wconf 80' lang='lat' dir='ltr'><strong>gra·</strong></span> 
     </span>
     <span class='ocr_line' id='line_1_22' title="bbox 230 2237 1304 2320; baseline 0.003 -25"><span class='ocrx_word' id='word_1_188' title='bbox 230 2255 284 2299; x_wconf 89' lang='lat' dir='ltr'><strong>ves</strong></span> <span class='ocrx_word' id='word_1_189' title='bbox 307 2254 411 2298; x_wconf 86' lang='lat' dir='ltr'><strong>causae</strong></span> <span class='ocrx_word' id='word_1_190' title='bbox 435 2256 486 2299; x_wconf 93' lang='lat' dir='ltr'><strong>cur</strong></span> <span class='ocrx_word' id='word_1_191' title='bbox 514 2241 665 2320; x_wconf 84' lang='lat' dir='ltr'><strong>suscipere</strong></span> <span class='ocrx_word' id='word_1_192' title='bbox 689 2259 797 2320; x_wconf 81' lang='lat' dir='ltr'><strong>augere</strong></span> <span class='ocrx_word' id='word_1_193' title='bbox 819 2240 983 2317; x_wconf 80' lang='lat' dir='ltr'><strong>dignitatem</strong></span> <span class='ocrx_word' id='word_1_194' title='bbox 1004 2248 1079 2300; x_wconf 87' lang='lat' dir='ltr'><strong>tuam</strong></span> <span class='ocrx_word' id='word_1_195' title='bbox 1103 2237 1235 2298; x_wconf 84' lang='lat' dir='ltr'><strong>debeam.</strong></span> <span class='ocrx_word' id='word_1_196' title='bbox 1303 2243 1304 2306; x_wconf 84' lang='lat' dir='ltr'><strong>l</strong></span> 
     </span>
    </p>

    <p class='ocr_par' dir='ltr' id='par_1_6' title="bbox 206 2315 1304 2572">
     <span class='ocr_line' id='line_1_23' title="bbox 206 2315 1304 2401; baseline 0 -19"><span class='ocrx_word' id='word_1_197' title='bbox 206 2319 306 2386; x_wconf 76' lang='lat' dir='ltr'><strong>nasse</strong></span> <span class='ocrx_word' id='word_1_198' title='bbox 318 2330 412 2382; x_wconf 88' lang='lat' dir='ltr'><strong>autem</strong></span> <span class='ocrx_word' id='word_1_199' title='bbox 428 2323 478 2383; x_wconf 93' lang='lat' dir='ltr'><strong>tibi</strong></span> <span class='ocrx_word' id='word_1_200' title='bbox 493 2334 607 2385; x_wconf 89' lang='lat' dir='ltr'><strong>cautum</strong></span> <span class='ocrx_word' id='word_1_201' title='bbox 617 2323 724 2386; x_wconf 89' lang='lat' dir='ltr'><strong>milium</strong></span> <span class='ocrx_word' id='word_1_202' title='bbox 740 2343 857 2387; x_wconf 88' lang='lat' dir='ltr'><strong>censum</strong></span> <span class='ocrx_word' id='word_1_203' title='bbox 871 2325 940 2386; x_wconf 88' lang='lat' dir='ltr'><strong>satis</strong></span> <span class='ocrx_word' id='word_1_204' title='bbox 954 2322 1148 2401; x_wconf 90' lang='lat' dir='ltr'><strong>indicatquod</strong></span> <span class='ocrx_word' id='word_1_205' title='bbox 1158 2321 1235 2400; x_wconf 87' lang='lat' dir='ltr'><strong>apud</strong></span> <span class='ocrx_word' id='word_1_206' title='bbox 1303 2315 1304 2400; x_wconf 75' lang='lat' dir='ltr'><strong>l</strong></span> 
     </span>
     <span class='ocr_line' id='line_1_24' title="bbox 230 2401 1304 2485; baseline 0.004 -19"><span class='ocrx_word' id='word_1_207' title='bbox 230 2423 283 2468; x_wconf 89' lang='lat' dir='ltr'><strong>nos</strong></span> <span class='ocrx_word' id='word_1_208' title='bbox 299 2405 416 2468; x_wconf 86' lang='lat' dir='ltr'><strong>decurio</strong></span> <span class='ocrx_word' id='word_1_209' title='bbox 431 2426 475 2470; x_wconf 86' lang='lat' dir='ltr'><strong>aa.</strong></span> <span class='ocrx_word' id='word_1_210' title='bbox 498 2405 589 2485; x_wconf 78' lang='lat' dir='ltr'><strong>Igitur</strong></span> <span class='ocrx_word' id='word_1_211' title='bbox 601 2418 631 2469; x_wconf 91' lang='lat' dir='ltr'><strong>ut</strong></span> <span class='ocrx_word' id='word_1_212' title='bbox 646 2419 676 2471; x_wconf 90' lang='lat' dir='ltr'><strong>te</strong></span> <span class='ocrx_word' id='word_1_213' title='bbox 690 2427 747 2472; x_wconf 92' lang='lat' dir='ltr'><strong>uon</strong></span> <span class='ocrx_word' id='word_1_214' title='bbox 761 2409 916 2471; x_wconf 88' lang='lat' dir='ltr'><strong>decurione</strong></span> <span class='ocrx_word' id='word_1_215' title='bbox 931 2404 1023 2470; x_wconf 89' lang='lat' dir='ltr'><strong>solum</strong></span> <span class='ocrx_word' id='word_1_216' title='bbox 1036 2423 1136 2468; x_wconf 86' lang='lat' dir='ltr'><strong>verum</strong></span> <span class='ocrx_word' id='word_1_217' title='bbox 1150 2409 1274 2470; x_wconf 63' lang='lat' dir='ltr'><strong>etiamst</strong></span> <span class='ocrx_word' id='word_1_218' title='bbox 1303 2401 1304 2442; x_wconf 66' lang='lat'>³</span> 
     </span>
     <span class='ocr_line' id='line_1_25' title="bbox 231 2489 1304 2572; baseline -0.001 -21"><span class='ocrx_word' id='word_1_219' title='bbox 231 2493 329 2569; x_wconf 89' lang='lat' dir='ltr'><strong>equite</strong></span> <span class='ocrx_word' id='word_1_220' title='bbox 342 2489 471 2554; x_wconf 85' lang='lat' dir='ltr'><strong>Romano</strong></span> <span class='ocrx_word' id='word_1_221' title='bbox 485 2491 673 2572; x_wconf 80' lang='lat' dir='ltr'><strong>perfruamur,</strong></span> <span class='ocrx_word' id='word_1_222' title='bbox 695 2493 787 2555; x_wconf 82' lang='lat' dir='ltr'><strong>offero</strong></span> <span class='ocrx_word' id='word_1_223' title='bbox 802 2494 853 2556; x_wconf 92' lang='lat' dir='ltr'><strong>tibi</strong></span> <span class='ocrx_word' id='word_1_224' title='bbox 867 2491 903 2554; x_wconf 88' lang='lat' dir='ltr'><strong>ad</strong></span> <span class='ocrx_word' id='word_1_225' title='bbox 916 2490 1066 2572; x_wconf 77' lang='lat' dir='ltr'><strong>inplendus</strong></span> <span class='ocrx_word' id='word_1_226' title='bbox 1081 2499 1234 2570; x_wconf 82' lang='lat' dir='ltr'><strong>equestres</strong></span> <span class='ocrx_word' id='word_1_227' title='bbox 1303 2499 1304 2538; x_wconf 63' lang='lat' dir='ltr'><strong>i</strong></span> 
     </span>
    </p>

    <p class='ocr_par' dir='ltr' id='par_1_7' title="bbox 205 2547 1304 2908">
     <span class='ocr_line' id='line_1_26' title="bbox 205 2572 1235 2639; baseline 0.001 -7"><span class='ocrx_word' id='word_1_228' title='bbox 205 2572 383 2636; x_wconf 76' lang='lat' dir='ltr'><strong>ataeultarss</strong></span> <span class='ocrx_word' id='word_1_229' title='bbox 397 2583 528 2636; x_wconf 87' lang='lat' dir='ltr'><strong>trecenta</strong></span> <span class='ocrx_word' id='word_1_230' title='bbox 540 2576 618 2639; x_wconf 88' lang='lat' dir='ltr'><strong>milia</strong></span> <span class='ocrx_word' id='word_1_231' title='bbox 632 2595 784 2637; x_wconf 90' lang='lat' dir='ltr'><strong>nummum.</strong></span> <span class='ocrx_word' id='word_1_232' title='bbox 814 2576 855 2639; x_wconf 78' lang='lat' dir='ltr'><strong>&#39;l&#39;e</strong></span> <span class='ocrx_word' id='word_1_233' title='bbox 868 2593 1024 2638; x_wconf 88' lang='lat' dir='ltr'><strong>memorem</strong></span> <span class='ocrx_word' id='word_1_234' title='bbox 1037 2575 1121 2636; x_wconf 89' lang='lat' dir='ltr'><strong>buius</strong></span> <span class='ocrx_word' id='word_1_235' title='bbox 1135 2591 1235 2634; x_wconf 88' lang='lat' dir='ltr'><strong>mune·</strong></span> 
     </span>
     <span class='ocr_line' id='line_1_27' title="bbox 229 2657 1235 2742; baseline 0.002 -26"><span class='ocrx_word' id='word_1_236' title='bbox 229 2658 270 2718; x_wconf 87' lang='lat' dir='ltr'><strong>ris</strong></span> <span class='ocrx_word' id='word_1_237' title='bbox 285 2659 428 2719; x_wconf 88' lang='lat' dir='ltr'><strong>amicitiae</strong></span> <span class='ocrx_word' id='word_1_238' title='bbox 440 2668 555 2722; x_wconf 84' lang='lat' dir='ltr'><strong>nostras</strong></span> <span class='ocrx_word' id='word_1_239' title='bbox 568 2660 733 2722; x_wconf 87' lang='lat' dir='ltr'><strong>diuturnitas</strong></span> <span class='ocrx_word' id='word_1_240' title='bbox 750 2660 890 2742; x_wconf 90' lang='lat' dir='ltr'><strong>spondet:</strong></span> <span class='ocrx_word' id='word_1_241' title='bbox 910 2678 968 2739; x_wconf 77' lang='lat' dir='ltr'><strong>ego</strong></span> <span class='ocrx_word' id='word_1_242' title='bbox 982 2679 1020 2722; x_wconf 86' lang='lat' dir='ltr'><strong>nc</strong></span> <span class='ocrx_word' id='word_1_243' title='bbox 1034 2657 1105 2720; x_wconf 91' lang='lat' dir='ltr'><strong>illud</strong></span> <span class='ocrx_word' id='word_1_244' title='bbox 1119 2658 1235 2738; x_wconf 90' lang='lat' dir='ltr'><strong>quidem</strong></span> 
     </span>
     <span class='ocr_line' id='line_1_28' title="bbox 229 2739 1234 2824; baseline 0.002 -24"><span class='ocrx_word' id='word_1_245' title='bbox 229 2739 381 2820; x_wconf 86' lang='lat' dir='ltr'><strong>admoneo,</strong></span> <span class='ocrx_word' id='word_1_246' title='bbox 399 2741 475 2821; x_wconf 93' lang='lat' dir='ltr'><strong>quod</strong></span> <span class='ocrx_word' id='word_1_247' title='bbox 488 2741 641 2805; x_wconf 90' lang='lat' dir='ltr'><strong>admonere</strong></span> <span class='ocrx_word' id='word_1_248' title='bbox 658 2745 810 2824; x_wconf 87' lang='lat' dir='ltr'><strong>deberem,</strong></span> <span class='ocrx_word' id='word_1_249' title='bbox 831 2747 886 2806; x_wconf 89' lang='lat' dir='ltr'><strong>nisi</strong></span> <span class='ocrx_word' id='word_1_250' title='bbox 899 2747 1006 2808; x_wconf 88' lang='lat' dir='ltr'><strong>scirem</strong></span> <span class='ocrx_word' id='word_1_251' title='bbox 1022 2752 1127 2824; x_wconf 87' lang='lat' dir='ltr'><strong>sponte</strong></span> <span class='ocrx_word' id='word_1_252' title='bbox 1142 2743 1234 2804; x_wconf 87' lang='lat' dir='ltr'><strong>lactu·</strong></span> 
     </span>
     <span class='ocr_line' id='line_1_29' title="bbox 230 2824 1275 2908; baseline 0.002 -24"><span class='ocrx_word' id='word_1_253' title='bbox 230 2841 302 2902; x_wconf 90' lang='lat' dir='ltr'><strong>rum,</strong></span> <span class='ocrx_word' id='word_1_254' title='bbox 322 2835 352 2886; x_wconf 94' lang='lat' dir='ltr'><strong>ut</strong></span> <span class='ocrx_word' id='word_1_255' title='bbox 369 2824 505 2903; x_wconf 76' lang='lat' dir='ltr'><strong>dignitate</strong></span> <span class='ocrx_word' id='word_1_256' title='bbox 519 2844 536 2886; x_wconf 92' lang='lat' dir='ltr'><strong>a</strong></span> <span class='ocrx_word' id='word_1_257' title='bbox 549 2847 594 2888; x_wconf 88' lang='lat' dir='ltr'><strong>me</strong></span> <span class='ocrx_word' id='word_1_258' title='bbox 610 2827 673 2890; x_wconf 90' lang='lat' dir='ltr'><strong>data</strong></span> <span class='ocrx_word' id='word_1_259' title='bbox 684 2847 767 2908; x_wconf 91' lang='lat' dir='ltr'><strong>quam</strong></span> <span class='ocrx_word' id='word_1_260' title='bbox 781 2829 1003 2908; x_wconf 87' lang='lat' dir='ltr'><strong>modestissime,</strong></span> <span class='ocrx_word' id='word_1_261' title='bbox 1021 2837 1052 2888; x_wconf 95' lang='lat' dir='ltr'><strong>ut</strong></span> <span class='ocrx_word' id='word_1_262' title='bbox 1066 2847 1083 2888; x_wconf 90' lang='lat' dir='ltr'><strong>a</strong></span> <span class='ocrx_word' id='word_1_263' title='bbox 1096 2845 1142 2889; x_wconf 88' lang='lat' dir='ltr'><strong>me</strong></span> <span class='ocrx_word' id='word_1_264' title='bbox 1158 2827 1275 2904; x_wconf 78' lang='lat' dir='ltr'><strong>data,30</strong></span> 
     </span>
    </p>

    <p class='ocr_par' dir='ltr' id='par_1_8' title="bbox 206 2907 1233 3059">
     <span class='ocr_line' id='line_1_30' title="bbox 206 2907 1233 2991; baseline 0.003 -21"><span class='ocrx_word' id='word_1_265' title='bbox 206 2916 323 2970; x_wconf 72' lang='lat' dir='ltr'><strong>lutare.</strong></span> <span class='ocrx_word' id='word_1_266' title='bbox 344 2907 414 2970; x_wconf 85' lang='lat' dir='ltr'><strong>Nun</strong></span> <span class='ocrx_word' id='word_1_267' title='bbox 429 2909 580 2973; x_wconf 87' lang='lat' dir='ltr'><strong>sollicitius</strong></span> <span class='ocrx_word' id='word_1_268' title='bbox 594 2911 797 2975; x_wconf 86' lang='lat' dir='ltr'><strong>custodiendus</strong></span> <span class='ocrx_word' id='word_1_269' title='bbox 809 2924 854 2975; x_wconf 88' lang='lat' dir='ltr'><strong>est</strong></span> <span class='ocrx_word' id='word_1_270' title='bbox 868 2913 961 2974; x_wconf 90' lang='lat' dir='ltr'><strong>bonor</strong></span> <span class='ocrx_word' id='word_1_271' title='bbox 973 2915 1002 2974; x_wconf 89' lang='lat' dir='ltr'><strong>io</strong></span> <span class='ocrx_word' id='word_1_272' title='bbox 1017 2929 1073 2991; x_wconf 93' lang='lat' dir='ltr'><strong>quo</strong></span> <span class='ocrx_word' id='word_1_273' title='bbox 1086 2913 1169 2974; x_wconf 89' lang='lat' dir='ltr'><strong>etiam</strong></span> <span class='ocrx_word' id='word_1_274' title='bbox 1182 2911 1233 2973; x_wconf 92' lang='lat' dir='ltr'><strong>be·</strong></span> 
     </span>
     <span class='ocr_line' id='line_1_31' title="bbox 229 2994 786 3059; baseline 0.005 -6"><span class='ocrx_word' id='word_1_275' title='bbox 229 2995 362 3055; x_wconf 87' lang='lat' dir='ltr'><strong>uebcinm</strong></span> <span class='ocrx_word' id='word_1_276' title='bbox 377 2995 459 3056; x_wconf 89' lang='lat' dir='ltr'><strong>amici</strong></span> <span class='ocrx_word' id='word_1_277' title='bbox 474 2994 609 3057; x_wconf 87' lang='lat' dir='ltr'><strong>tuendum</strong></span> <span class='ocrx_word' id='word_1_278' title='bbox 622 3006 677 3058; x_wconf 91' lang='lat' dir='ltr'><strong>est.</strong></span> <span class='ocrx_word' id='word_1_279' title='bbox 705 2995 786 3059; x_wconf 88' lang='lat' dir='ltr'><strong>Vale.</strong></span> 
     </span>
    </p>
   </div>
   <div class='ocr_carea' id='block_1_6' title="bbox 362 3130 1276 3312">
    <p class='ocr_par' dir='ltr' id='par_1_9' title="bbox 362 3130 1276 3312">
     <span class='ocr_line' id='line_1_32' title="bbox 362 3130 1276 3312; baseline 0.002 -34"><span class='ocrx_word' id='word_1_280' title='bbox 362 3235 363 3240; x_wconf 78' lang='grc'>’</span> <span class='ocrx_word' id='word_1_281' title='bbox 431 3227 458 3279; x_wconf 82' lang='lat' dir='ltr'><strong>G.</strong></span> <span class='ocrx_word' id='word_1_282' title='bbox 477 3227 602 3282; x_wconf 84' lang='lat' dir='ltr'>PLINIUS</span> <span class='ocrx_word' id='word_1_283' title='bbox 621 3130 779 3280; x_wconf 51' lang='grc' dir='ltr'>ΟΟΒΝλΕξῐΟ</span> <span class='ocrx_word' id='word_1_284' title='bbox 796 3227 912 3280; x_wconf 80' lang='grc' dir='ltr'><strong>ΤΑΟΙΤΟ</strong></span> <span class='ocrx_word' id='word_1_285' title='bbox 931 3228 991 3282; x_wconf 84' lang='lat' dir='ltr'><strong>SUO</strong></span> <span class='ocrx_word' id='word_1_286' title='bbox 1010 3229 1038 3282; x_wconf 89' lang='lat' dir='ltr'><strong>S.</strong></span> <span class='ocrx_word' id='word_1_287' title='bbox 1241 3256 1276 3312; x_wconf 65' lang='lat'><strong>35</strong></span> 
     </span>
    </p>
   </div>
   <div class='ocr_carea' id='block_1_7' title="bbox 166 3309 1235 3581">
    <p class='ocr_par' dir='ltr' id='par_1_10' title="bbox 166 3309 1235 3581">
     <span class='ocr_line' id='line_1_33' title="bbox 206 3309 1235 3413; baseline -0.001 -19"><span class='ocrx_word' id='word_1_288' title='bbox 206 3343 222 3394; x_wconf 94' lang='lat'>1</span> <span class='ocrx_word' id='word_1_289' title='bbox 292 3327 442 3410; x_wconf 84' lang='lat' dir='ltr'><strong>Frequens</strong></span> <span class='ocrx_word' id='word_1_290' title='bbox 455 3330 523 3402; x_wconf 88' lang='lat' dir='ltr'><strong>mibi</strong></span> <span class='ocrx_word' id='word_1_291' title='bbox 537 3309 692 3412; x_wconf 75' lang='lat' dir='ltr'><strong>disputatio</strong></span> <span class='ocrx_word' id='word_1_292' title='bbox 706 3341 751 3394; x_wconf 88' lang='lat' dir='ltr'><strong>est</strong></span> <span class='ocrx_word' id='word_1_293' title='bbox 766 3349 830 3393; x_wconf 91' lang='lat' dir='ltr'><strong>cum</strong></span> <span class='ocrx_word' id='word_1_294' title='bbox 844 3329 966 3413; x_wconf 87' lang='lat' dir='ltr'><strong>quodam</strong></span> <span class='ocrx_word' id='word_1_295' title='bbox 979 3330 1066 3395; x_wconf 91' lang='lat' dir='ltr'><strong>docto</strong></span> <span class='ocrx_word' id='word_1_296' title='bbox 1077 3331 1190 3392; x_wconf 86' lang='lat' dir='ltr'><strong>bomine</strong></span> <span class='ocrx_word' id='word_1_297' title='bbox 1203 3340 1235 3394; x_wconf 87' lang='lat' dir='ltr'><strong>et</strong></span> 
     </span>
     <span class='ocr_line' id='line_1_34' title="bbox 166 3413 1233 3495; baseline 0.001 -21"><span class='ocrx_word' id='word_1_298' title='bbox 166 3453 172 3465; x_wconf 85' lang='lat'><strong>·</strong></span> <span class='ocrx_word' id='word_1_299' title='bbox 228 3415 340 3493; x_wconf 85' lang='lat' dir='ltr'><strong>perito,</strong></span> <span class='ocrx_word' id='word_1_300' title='bbox 364 3415 410 3475; x_wconf 89' lang='lat' dir='ltr'><strong>cui</strong></span> <span class='ocrx_word' id='word_1_301' title='bbox 430 3414 500 3476; x_wconf 90' lang='lat' dir='ltr'><strong>nibil</strong></span> <span class='ocrx_word' id='word_1_302' title='bbox 519 3433 612 3495; x_wconf 86' lang='lat' dir='ltr'><strong>aeque</strong></span> <span class='ocrx_word' id='word_1_303' title='bbox 633 3416 663 3476; x_wconf 90' lang='lat' dir='ltr'><strong>iu</strong></span> <span class='ocrx_word' id='word_1_304' title='bbox 683 3416 777 3477; x_wconf 87' lang='lat' dir='ltr'><strong>causis</strong></span> <span class='ocrx_word' id='word_1_305' title='bbox 798 3417 918 3494; x_wconf 75' lang='lat' dir='ltr'><strong>agendis</strong></span> <span class='ocrx_word' id='word_1_306' title='bbox 938 3425 970 3477; x_wconf 94' lang='lat' dir='ltr'><strong>ut</strong></span> <span class='ocrx_word' id='word_1_307' title='bbox 982 3415 1108 3478; x_wconf 82' lang='lat' dir='ltr'><strong>brevitas</strong></span> <span class='ocrx_word' id='word_1_308' title='bbox 1125 3413 1233 3494; x_wconf 87' lang='lat' dir='ltr'><strong>placet.</strong></span> 
     </span>
     <span class='ocr_line' id='line_1_35' title="bbox 205 3497 1231 3581; baseline -0.001 -21"><span class='ocrx_word' id='word_1_309' title='bbox 205 3497 320 3573; x_wconf 80' lang='lat' dir='ltr'><strong>aonam</strong></span> <span class='ocrx_word' id='word_1_310' title='bbox 340 3517 398 3578; x_wconf 75' lang='lat' dir='ltr'><strong>ego</strong></span> <span class='ocrx_word' id='word_1_311' title='bbox 422 3499 635 3562; x_wconf 87' lang='lat' dir='ltr'><strong>custodiendam</strong></span> <span class='ocrx_word' id='word_1_312' title='bbox 651 3518 718 3561; x_wconf 89' lang='lat' dir='ltr'><strong>essa</strong></span> <span class='ocrx_word' id='word_1_313' title='bbox 737 3500 892 3581; x_wconf 76' lang='lat' dir='ltr'><strong>confiteor,</strong></span> <span class='ocrx_word' id='word_1_314' title='bbox 916 3502 941 3562; x_wconf 91' lang='lat' dir='ltr'><strong>si</strong></span> <span class='ocrx_word' id='word_1_315' title='bbox 965 3518 1052 3562; x_wconf 86' lang='lat' dir='ltr'><strong>causa</strong></span> <span class='ocrx_word' id='word_1_316' title='bbox 1072 3499 1231 3579; x_wconf 89' lang='lat' dir='ltr'><strong>permittat:</strong></span> 
     </span>
    </p>
   </div>
   <div class='ocr_carea' id='block_1_8' title="bbox 0 0 1324 4102">
    <p class='ocr_par' dir='ltr' id='par_1_11' title="bbox 0 0 1324 4102">
     <span class='ocr_line' id='line_1_36' title="bbox 0 0 1324 4102; baseline 0 0"><span class='ocrx_word' id='word_1_317' title='bbox 0 0 1324 4102; x_wconf 95' lang='lat' dir='ltr'><strong> </strong></span> 
     </span>
    </p>
   </div>
  </div>
 </body>
</html>
