2616 4096
220 279 282 345 tot
649 278 683 341 (l.
704 278 802 341 Plle

217 435 299 511 iuuit,
313 451 376 493 eum
390 443 507 494 senatus
518 441 565 492 aut
577 431 612 492 ad
624 433 711 492 otium
728 449 864 492 summum
878 442 925 494 aut
942 431 977 493 ad
991 451 1127 494 summum
1138 431 1208 493 nefas

218 527 371 579 vocaretur
391 527 421 578 et
444 515 528 576 modo
549 514 672 576 ludibrio
693 518 778 576 modo
802 516 893 576 dolori
920 525 1048 578 retentus
1073 533 1209 595 numquam

195 603 306 680 9seria,
325 601 417 662 tristia
430 618 521 678 saepe
538 596 691 660 censeret?
712 598 821 660 Eadem
837 599 909 661 mala
924 601 977 659 ism
991 610 1150 677 senatores,
1165 602 1210 660 iam
1276 645 1277 650 1

217 687 374 765 participes
398 683 534 744 malorum
564 682 668 744 multos
694 701 750 763 per
775 701 863 744 anuos
891 683 1012 746 vidimus
1034 684 1209 762 tulimusque;

218 770 320 849 quibus
334 769 447 846 ingenia
463 777 559 829 nostra
573 769 601 827 in
616 775 763 846 posterum
780 786 896 847 quoque
910 767 1043 829 hebetata
1054 768 1142 829 fracta
1154 777 1228 828 coc-5

175 863 209 917 10
217 862 281 914 tusa
296 861 371 914 sunt.
393 851 486 911 Breve
500 860 611 931 tempus
626 853 705 929 (nam
717 859 794 913 tanto
811 852 927 912 brevius
943 869 1025 912 omne
1041 863 1145 931 quanto
1156 851 1211 912 feli-

217 938 279 997 cius
292 935 440 1014 tempus),
456 953 512 1014 quo
526 934 597 995 libet
611 937 687 996 scire
697 935 771 1013 ¹quid
786 936 891 1012 simus,
906 935 977 995 libet
990 953 1129 997 exercere
1145 934 1212 1014 quod

216 1037 321 1081 sumus.
365 1017 429 1093 Quo
451 1019 552 1082 iustius
568 1029 654 1098 peto,
670 1021 790 1097 primum
810 1028 840 1079 ut
863 1020 970 1096 errori,
995 1021 1020 1080 si
1036 1022 1101 1098 quis
1117 1029 1159 1081 est
1173 1038 1210 1078 er·

213 1121 278 1181 ror,
295 1103 401 1164 tribuas
413 1105 542 1181 veniam,
559 1102 661 1163 deinde
676 1102 816 1165 medearis
833 1104 953 1164 seientia
969 1111 1027 1180 tua,
1044 1106 1091 1163 cui
1108 1121 1211 1182 semper

215 1186 267 1248 fuit
283 1205 367 1248 curae
387 1188 430 1249 sic
450 1189 510 1247 iura
525 1185 638 1266 publica
653 1195 682 1246 ut
703 1188 828 1265 privata,
846 1189 889 1248 sic
909 1188 1022 1266 antiqua
1037 1197 1068 1248 ut
1082 1188 1211 1263 recentia,
1219 1199 1240 1250 lt

172 1286 205 1339 11
216 1272 259 1332 sic
280 1290 341 1332 rara
363 1282 393 1332 ut
413 1271 526 1334 assidua
545 1280 676 1332 tractare.
712 1271 816 1350 Adque
841 1289 897 1348 ego
917 1270 1039 1331 arbitror
1057 1270 1115 1333 illis
1137 1273 1211 1330 etiam

215 1357 317 1436 quibus
330 1355 511 1435 plurimarum
525 1372 619 1415 rerum
634 1355 750 1432 agitatio
766 1354 902 1434 frequens
919 1353 987 1414 nihil
1004 1374 1075 1416 esse
1094 1356 1212 1432 ignotum

214 1438 372 1517 patiebatur
389 1457 482 1517 genus
501 1440 676 1517 quaestionis
696 1439 772 1518 quod
795 1438 894 1498 adfero
916 1438 951 1499 ad
971 1447 1001 1499 te
1016 1449 1065 1499 sut
1079 1456 1137 1500 nou
1151 1440 1211 1500 satis

212 1523 306 1581 tritum
322 1533 367 1584 aut
382 1525 466 1583 etiam
476 1524 656 1601 inexpertum
670 1523 771 1584 fuisse.
804 1521 867 1582 lloc
882 1530 912 1582 et
927 1539 984 1599 ego
998 1525 1177 1598 excusatior,
1191 1522 1212 1582 si

213 1606 289 1666 forte
303 1597 365 1666 sum
376 1607 492 1686 lapsus,
514 1613 544 1667 et
558 1616 589 1667 tu
601 1607 713 1684 dignior
727 1605 829 1684 laude,
851 1607 875 1664 si
891 1615 977 1685 potes
993 1606 1022 1666 fd
1038 1624 1153 1687 quoque
1168 1605 1241 1664 do·15

170 1702 279 1754 lacere
298 1692 374 1770 quod
384 1693 412 1751 in
425 1691 550 1752 obscuro
566 1700 611 1752 est
626 1709 660 1751 an
678 1690 821 1750 didiceris.
849 1687 1040 1751 Referebatur
1056 1690 1094 1752 de
1109 1690 1210 1750 libertis

210 1759 309 1834 Afraffl
325 1774 426 1837 Dextri
443 1774 581 1852 consulis,
596 1775 735 1835 incertum
750 1793 801 1834 sua
814 1792 849 1834 au
864 1790 979 1834 suorum
992 1792 1087 1854 manu,
1105 1773 1211 1836 scelere

210 1877 244 1918 au
265 1858 406 1937 obsequio
427 1860 579 1938 perempti.
613 1857 674 1918 llos
689 1857 760 1919 alius
775 1854 910 1937 (iquisf'
933 1858 1042 1938 inquis:
1069 1877 1143 1937 ego:
1165 1855 1210 1916 sed

209 1941 278 2000 nibil
290 1942 396 2021 refert)
407 1952 474 2022 post
490 1943 686 2020 quaestionem
702 1941 845 2021 supplicio
859 1940 1034 2020 liberandos,
1050 1942 1125 2003 alius
1138 1943 1166 2002 iu
1175 1941 1210 1999 iu·

210 2022 299 2086 sulam
313 2023 496 2103 relegandos,
511 2025 583 2086 alius
597 2036 688 2088 morte
704 2025 862 2104 puniendos
874 2026 1069 2086 arbitrabatur.
1094 2026 1243 2100 Quammto

209 2110 411 2168 sententiarum
425 2118 500 2170 tanta
512 2109 661 2170 diversitas
674 2119 734 2171 erat
751 2120 781 2170 ut
796 2127 853 2170 nou
868 2118 989 2188 possent
1004 2127 1072 2170 esse
1089 2112 1147 2172 nisi
1162 2109 1211 2169 sin-

166 2201 200 2256 13
209 2190 303 2270 gulae.
338 2190 412 2266 Quid
427 2195 501 2253 enim
518 2211 666 2256 commune
678 2193 763 2255 babet
780 2193 914 2254 occidere
932 2203 962 2254 et
980 2191 1138 2271 relegare?
1162 2209 1212 2252 nor

208 2275 334 2337 Hercule
355 2278 445 2356 magis
464 2295 547 2357 quam
566 2277 700 2356 relegare
721 2287 750 2338 et
773 2277 942 2338 absolvere:
967 2295 1137 2357 quamquam
1152 2293 1211 2357 pro·

207 2363 273 2440 pior
295 2360 438 2440 aliquanto
461 2372 506 2423 est
525 2363 684 2424 sententiae
703 2361 860 2439 relegautis
882 2379 957 2439 quae
983 2360 1109 2424 absolvit
1135 2379 1212 2441 quam

132 2447 139 2460 '
208 2462 281 2524 quae
301 2446 420 2515 occidit:
443 2456 562 2526 utraque
580 2448 653 2507 enim
669 2464 706 2506 ex
725 2445 781 2505 illis
795 2447 880 2506 vitam
894 2445 1045 2524 relinquit,
1070 2445 1146 2506 baec
1159 2445 1244 2507 adt-as

207 2530 272 2590 mit:
289 2548 352 2591 cum
366 2532 478 2592 interim
492 2532 583 2609 etqui
597 2540 688 2591 morte
702 2529 856 2609 puniebant
871 2539 901 2590 et
918 2533 965 2610 qui
978 2529 1149 2607 relegabant
1163 2546 1213 2588 uua

208 2613 346 2675 sedebant
361 2623 391 2674 et
407 2616 576 2694 temporaria
597 2613 773 2676 simulatione
789 2613 961 2674 concordiae
976 2613 1149 2674 discordiam
1163 2613 1211 2673 dif-

166 2695 349 2762 14ferebant.
381 2697 446 2776 Ego
467 2698 645 2779 postulabam
664 2708 694 2759 ut
713 2699 801 2761 tribus
820 2698 968 2759 sententiis
985 2707 1132 2759 constaret
1146 2715 1211 2760 suus

205 2797 356 2857 numerus,
373 2799 428 2842 uec
444 2801 477 2844 se
492 2783 628 2844 brevibus
639 2783 754 2844 indutiis
770 2781 842 2842 duae
858 2783 1019 2859 iungerent.
1052 2779 1212 2860 Exigebam

206 2879 278 2940 ergo
293 2872 324 2924 ut
339 2865 387 2942 qui
404 2865 518 2943 capitali
532 2866 675 2946 supplicio
692 2865 867 2927 adliciendos
882 2865 1017 2945 putabant
1029 2865 1245 2932 discederentao

203 2965 220 3006 a
233 2945 394 3026 relegante,
406 2968 462 3010 uec
476 2951 587 3011 interim
604 2962 701 3013 eontra
713 2949 888 3012 absolventis
899 2967 965 3010 mox
977 2950 1133 3011 dissensuri
1146 2967 1211 3010 eon·

203 3041 403 3111 gregarentur,
419 3035 484 3112 quia
495 3033 643 3112 parvolum
657 3035 779 3096 referret
795 3053 830 3096 an
844 3035 919 3095 idem
931 3034 1097 3113 displiceret
1109 3034 1210 3114 quibus

162 3125 196 3178 15
204 3133 262 3177 uon
276 3117 352 3178 idem
363 3117 531 3196 placuisset.
554 3118 627 3180 lllud
641 3121 726 3180 etiam
737 3119 803 3178 mihi
819 3119 971 3197 permirum
986 3118 1135 3178 uidebatur
1147 3135 1210 3179 eum

205 3201 318 3278 quidem
340 3203 388 3280 qui
409 3201 530 3264 libertos
543 3203 735 3282 relegandos,
757 3221 859 3266 servos
875 3203 1019 3283 supplicio
1035 3201 1209 3263 adliciendos

204 3287 366 3346 censuisset
383 3296 514 3348 coactum
528 3305 596 3350 esse
612 3287 740 3349 dividere
755 3287 942 3365 sententiam,
966 3286 1041 3347 bunc
1054 3294 1148 3347 autern
1162 3286 1244 3365 quiet

202 3367 321 3431 libertos
336 3380 429 3432 morte
443 3371 575 3434 multaret
590 3389 654 3431 cum
670 3370 820 3450 relegante
834 3371 984 3432 numerari.
1005 3367 1076 3431 Nam
1087 3370 1111 3430 si
1123 3387 1209 3448 opor·

202 3453 304 3512 tuisset
319 3452 404 3512 dividi
421 3457 590 3516 seutentiam
605 3455 698 3532 unius,
713 3458 779 3535 quia
791 3474 839 3517 res
854 3454 922 3516 duas
936 3453 1206 3533 comprehendebat,

202 3548 258 3591 uon
278 3536 459 3612 reperiebam
474 3538 708 3616 quemadmodum
727 3548 829 3619 posset
841 3539 918 3618 iungi
933 3539 1074 3599 sententia
1089 3537 1207 3596 duorurn
