2616 4096
313 258 575 320 nrrsrumnuu
588 267 731 323 ιιι-ιι.
746 262 910 339 [to-m]
1051 259 1113 324 ars

519 409 608 472 xnu.
630 411 697 490 ιιι]

439 509 604 561 TRAIANUS
622 510 727 562 PLINIO
746 509 772 561 S.

171 615 272 676 Potest
284 631 338 675 nos
351 613 507 675 sollicitare
523 613 603 675 lacus
619 615 692 691 iste,
714 622 744 673 ut
760 615 936 675 committere
952 613 1031 675 ilium
1044 617 1113 676 tueri

108 699 248 760 velimus:
272 698 324 760 sed
346 697 430 776 plane
452 697 655 776 explorandum
672 707 717 758 est
736 696 888 776 diligenter
903 701 992 776 nc‚.si
1009 698 1114 760 demis-

80 791 159 844 5sus
174 786 287 844 inmane
296 783 392 861 tuerit,
408 791 485 844 totus
494 781 602 859 effluat,
620 791 700 842 certe
712 790 844 860 quantum
854 799 988 861 aquarum
999 791 1028 844 et
1038 781 1113 845 unde

108 869 243 948 accipiat.
264 866 376 928 Poteris
391 883 407 925 a
422 864 577 946 Calpurnio
590 865 689 926 hiacro
701 874 803 944 petere
815 864 989 945 libratorem,
1008 875 1038 927 et
1055 883 1112 943 ego

107 952 173 1011 hinc
188 951 312 1031 aliquem
327 950 378 1010 tihi
390 953 514 1030 peritum
528 949 665 1011 eiusmodi
679 966 797 1026 operum
812 953 925 1014 mittam.

508 1099 610 1161 xurn.
630 1097 712 1178 [ιιι]

61 1213 100 1263 10
324 1198 352 1252 c.
372 1197 498 1250 returns
518 1199 663 1251 ommno
683 1198 893 1278 mrnnnrcru.

168 1321 334 1400 Requhenti
357 1323 423 1382 mihi
443 1322 641 1397 Byzantiorum
660 1323 702 1382 rei
722 1320 855 1401 puhlieae
869 1321 1017 1400 inpendia,
1040 1338 1138 1400 quael

107 1408 229 1466 maxima
247 1405 332 1484 facit,
352 1405 503 1467 indicatum
519 1416 580 1484 est,
601 1406 730 1482 dominc,
753 1405 877 1482 legatum
896 1403 931 1464 ad
945 1413 975 1464 te
990 1403 1111 1465 salutan-

108 1490 175 1550 dum
190 1491 269 1551 annis
290 1490 418 1551 omnihus
440 1507 504 1551 cam
519 1489 713 1569 psephismate
727 1491 797 1551 mitti
816 1491 900 1570 eique
915 1488 973 1548 dari
986 1505 1111 1550 nummo·

107 1592 170 1634 rum
185 1573 315 1634 duodena
330 1573 414 1634 milia.
434 1573 545 1635 hienror
561 1592 632 1653 ergo
649 1576 789 1653 propositi
801 1575 841 1634 tui
856 1573 980 1652 legatum
996 1573 1135 1652 quidemn

66 1658 300 1735 loretinendum,
322 1658 488 1739 psephisma
506 1667 600 1718 autem
613 1658 779 1718 mittendum
800 1659 912 1736 putavi,
939 1666 970 1718 ut
984 1657 1066 1717 simul
1081 1669 1111 1719 et

108 1751 240 1822 sumptus
257 1741 400 1803 levaretur
414 1753 443 1804 et
457 1742 615 1822 inpleretur
631 1741 776 1820 poblicum
791 1741 925 1802 officium.
953 1739 1054 1800 Eidem
1070 1743 1136 1807 cis

107 1829 188 1887 vitati
204 1829 330 1906 inputata
344 1836 409 1888 sant
426 1837 505 1888 terna
519 1825 612 1903 milia,
630 1843 703 1905 qnae
717 1827 813 1886 viatici
827 1827 940 1886 nornine
957 1843 1047 1886 annua
1062 1825 1111 1886 da·

108 1912 210 1971 bantur
224 1911 321 1988 legato
342 1911 420 1972 eunti
437 1910 472 1972 ad
487 1928 552 1970 eum
566 1912 614 1990 qni
631 1909 760 1972 Moesiae
777 1918 892 1989 praeest
907 1907 1022 1988 publice
1037 1908 1111 1970 salu·

106 1994 230 2055 tandum.
253 1993 333 2055 Idaeo
347 2013 404 2074 ego
419 1997 447 2055 iu
461 2004 608 2074 posterum
621 1994 848 2055 circumcidenda
861 1995 1028 2054 existimavi.
1057 1993 1139 2073 Te,4

61 2083 99 2134 20
108 2079 240 2157 domine,
254 2095 327 2156 rogo
342 2079 453 2158 utquid
469 2081 575 2141 sentias
591 2078 778 2139 rescribendo
793 2088 840 2140 aut
856 2077 1006 2140 consiiimn
1018 2097 1112 2140 meum

109 2164 276 2223 confirmare
292 2171 340 2222 aut
355 2181 481 2224 emonem
499 2162 649 2224 emendare
666 2162 803 2241 dignerIs.

489 2309 602 2373 xuruu.
627 2310 722 2391 [utun

443 2409 608 2462 TRAIANUS
624 2407 730 2460 PLINIO
751 2406 779 2464 S.

62 2517 99 2568 25
170 2510 283 2589 Optime
298 2511 410 2589 iecish,
425 2511 558 2572 Secunde
573 2513 736 2590 carissime,
754 2510 884 2572 duodena
897 2510 952 2572 ista
968 2505 1110 2588 Byzantiis

108 2613 183 2674 quae
201 2594 237 2654 ad
254 2593 429 2656 salutandum
443 2613 489 2655 me
506 2595 673 2673 integrum
689 2593 917 2673 impendebantur
931 2595 1111 2657 remittendo.

106 2677 252 2758 Perpetuo
322 2677 367 2740 his
381 2679 519 2758 partibus,
536 2681 590 2740 etsi
605 2679 697 2740 solum
712 2679 876 2758 psephisma
888 2697 941 2758 per
951 2689 981 2741 te
996 2682 1113 2742 missum

106 2763 202 2823 tuerit.
234 2761 373 2840 Ignoscet
387 2761 444 2824 illis
461 2772 490 2824 et
504 2761 633 2825 Moesiae
648 2780 785 2841 praeses,
802 2764 827 2823 si
839 2765 929 2826 miuus
943 2763 1022 2825 illum
1037 2783 1112 2827 sum·

107 2855 213 2926 ptuose
229 2844 377 2906 coluerint.

500 2980 582 3042 xcv.
604 2979 713 3061 [nnus

324 3079 360 3130 .O.
377 3077 501 3131 PLINIUS
519 3079 662 3133 TRAIANO
680 3079 886 3133 IMPERATORI.

166 3180 343 3261 Diplomata,
370 3182 500 3259 domine,
527 3199 646 3256 quorum
671 3183 733 3244 dies
765 3183 910 3261 praeteriit
936 3199 972 3240 en
997 3181 1122 3241 omnino.

106 3265 255 3328 observari
271 3274 301 3327 et
321 3282 404 3344 quarn
425 3265 471 3326 din
489 3265 563 3327 velis
584 3283 658 3344 rogo
679 3267 788 3328 scrihas
802 3282 906 3344 meque
923 3263 1111 3327 haesitatione

62 3349 224 3413 deliberes.
246 3349 360 3410 Vereor
374 3351 448 3410 enim
462 3369 498 3409 ne
510 3351 538 3409 in
553 3348 714 3412 alterutram
725 3358 835 3429 partem
846 3350 1003 3428 Ignorantia
1013 3347 1111 3427 lapsus

104 3443 153 3494 aut
168 3433 275 3494 inlicita
290 3433 455 3493 confirmem
470 3443 517 3494 aut
532 3435 696 3495 necessaria
711 3433 861 3513 inpediam.
