2632 4096
192 252 234 318 94
556 303 559 308 .
615 249 648 312 0.
670 251 767 313 l'thl

192 404 284 467 valvis
298 415 411 480 xystum
431 404 608 466 desinentem
629 414 658 464 et
676 406 805 483 protinus
825 413 935 483 pratum
955 403 1129 480 multumque
1150 421 1200 474 ru·

193 492 232 550 ris
247 490 340 566 videt,
360 488 495 550 fenestris
516 487 569 550 hac
586 488 660 549 latus
679 490 756 563 xysti
777 497 806 548 et
822 487 898 567 quod
913 486 1025 566 prosilit
1039 486 1125 547 villae
1142 487 1200 546 hac

152 573 349 635 boadiacentis
374 572 554 651 hippodromi
574 591 673 632 neruus
699 589 853 650 comasque
873 580 1050 650 pmspectat.
1091 567 1201 630 Contra

194 658 314 718 mediam
335 655 397 715 iere
411 658 553 734 porticum
566 655 658 716 diaeta
670 654 783 734 paulum
806 655 933 732 recedit,
956 657 1045 732 cingit
1059 653 1199 731 areolam,

195 759 268 820 quae
283 748 414 818 quattuor
428 738 548 818 platanis
568 739 746 798 inumbratur.
778 739 856 799 Inter
876 739 927 799 has
942 755 1100 798 marmoreo
1115 737 1230 802 labroa's

195 843 267 903 aqua
280 822 400 884 exundat
416 825 669 900 circumiectasque
680 822 810 901 platanos
826 832 856 882 et
867 823 997 883 subiecta
1008 821 1127 901 platanis
1139 821 1201 881 leni

153 919 185 970 21
196 908 349 985 aspergine
369 906 458 967 iovet.
490 905 544 967 Est
562 908 590 967 in
616 906 670 966 bae
694 907 786 966 diaeta
809 907 1001 967 dormitorium
1023 904 1199 982 cubiculum,
1238 971 1241 976 ,

197 989 273 1069 quod
289 990 363 1050 diem
382 988 533 1050 clamorem
555 1007 655 1051 sonum
672 989 815 1068 excludit,
838 991 991 1069 iunctaque
1010 992 1036 1050 ei
1058 990 1202 1049 cotidiana

195 1075 348 1135 amicorum
364 1075 492 1150 cenatio,
507 1092 579 1153 quae
593 1074 717 1134 areolam
731 1073 822 1151 illam,
835 1075 976 1152 porticum
989 1073 1070 1133 aliam
1085 1072 1201 1133 eadem-

154 1167 254 1236 anue
276 1159 367 1218 omnia
388 1175 460 1236 quae
483 1160 611 1236 porticus
631 1159 744 1236 aspicit.
775 1157 829 1218 Est
849 1167 878 1217 et
901 1157 977 1218 aliud
998 1156 1160 1217 cubiculum
1181 1173 1200 1215 a
1210 1173 1245 1225 lo

196 1259 332 1320 proxume
345 1241 458 1320 platano
472 1243 563 1302 viride
580 1252 609 1302 et
626 1242 805 1318 umbrosum,
827 1257 965 1302 rummare
984 1239 1128 1302 excultum
1145 1257 1199 1319 po-

198 1325 246 1386 dio
261 1335 356 1402 tenus,
372 1344 428 1386 uec
446 1325 522 1386 cedit
536 1328 643 1403 gratiae
658 1328 804 1385 marmoris
820 1339 912 1386 ramos
923 1325 1139 1403 insidentesque
1154 1341 1201 1383 ra·

155 1412 250 1472 umis
271 1427 341 1470 aves
359 1410 464 1469 imitata
484 1411 608 1487 pictura:
633 1408 787 1470 fonticulus
808 1411 836 1468 in
851 1409 937 1484 hoc,
950 1411 979 1468 in
994 1409 1074 1469 ionte
1090 1417 1199 1476 cratem

199 1496 274 1552 circa
290 1491 430 1571 sipunculi
447 1492 548 1570 plnres
560 1495 680 1555 miscent
695 1494 925 1554 iucundissimum
937 1509 1068 1552 murmur.
1090 1491 1123 1552 ln
1135 1507 1202 1551 cor·

168 1656 170 1660 .
198 1595 236 1637 nn
252 1579 380 1676 porticus
401 1576 604 1719 ³¹¹¹P¹539l¹l⁸3²
620 1575 781 1678 cubiculum
797 1595 813 1637 a
830 1576 952 1637 triclinio
971 1578 1109 1677 occurrit:
1135 1574 1200 1635 aliis
1211 1585 1245 1637 15

156 1661 1203 1824 abitti:uultu:titttitillatsubstituebat:

200 1828 277 1888 edito
292 1827 428 1889 desiliens
442 1847 514 1907 aqua
528 1839 664 1908 suscepta
674 1845 812 1889 marmore
829 1828 959 1889 albescit.
989 1828 1067 1889 ldem
1083 1828 1202 1888 cubicu-

157 1911 256 1972 bolam
272 1912 365 1971 hieme
386 1912 609 1990 tepidissimum,
633 1915 696 1991 quia
710 1911 831 1991 plurimo
845 1911 909 1973 sole
923 1912 1110 1991 perfunditur.
1143 1908 1202 1969 Go-

198 1995 297 2056 haeret
310 1994 523 2074 hypocauston,
545 2005 574 2056 et
596 1998 622 2056 si
643 1997 704 2056 dies
721 1995 850 2074 nubilus,
873 1999 990 2057 inmisso
1005 2013 1112 2074 vapore
1129 1993 1246 2060 soliaco

198 2080 292 2138 vicem
306 2077 431 2156 supplet.
453 2078 524 2139 lude
536 2079 731 2158 apodyterium
749 2080 852 2140 balinei
868 2079 959 2140 laxum
975 2090 1004 2141 et
1018 2080 1106 2140 hilare
1122 2081 1201 2138 exci-

199 2163 241 2240 pit
253 2161 327 2222 cella
342 2163 496 2240 frigidaria,
509 2165 538 2222 in
555 2182 609 2242 qua
620 2164 816 2242 baptisterium
830 2164 952 2243 amplum
962 2165 1054 2244 adque
1068 2177 1201 2242 opacum.

200 2245 231 2305 Si
245 2255 341 2306 natare
357 2245 441 2308 latius
462 2256 509 2306 aut
523 2247 646 2326 tepidius
661 2247 753 2325 velis,
768 2250 796 2307 in
808 2265 873 2308 area
889 2250 999 2326 piscina
1013 2257 1075 2325 est,
1090 2249 1119 2306 in
1134 2263 1205 2325 pro-

198 2347 284 2390 xumo
299 2339 414 2408 puteus,
430 2349 468 2391 ex
479 2349 535 2409 quo
546 2333 643 2410 possis
656 2350 753 2393 rursus
764 2332 911 2409 adstringi,
927 2335 951 2392 si
961 2333 1104 2411 paeniteat
1117 2341 1204 2409 tepo-

128 2479 129 2482 ,
158 2415 248 2476 auris.
272 2412 445 2492 Frigidariae
462 2414 553 2476 cellae
569 2417 728 2477 conectitur
741 2416 847 2493 media,
871 2418 916 2481 cui
937 2415 981 2476 sol
997 2416 1245 2492 benignissimam

200 2507 316 2576 praesto
331 2508 391 2568 est;
416 2499 554 2560 caldariae
570 2501 675 2576 magis:
694 2501 834 2578 prominet
850 2501 934 2559 enim.
966 2499 998 2559 ln
1011 2499 1065 2562 hac
1076 2509 1136 2559 tres
1151 2497 1203 2559 de·

201 2583 381 2660 scansiones,
398 2584 470 2644 duae
483 2585 512 2643 in
526 2583 601 2660 sole,
618 2585 730 2643 tertiae
744 2582 807 2643 sole
822 2582 947 2662 lougius,
961 2601 978 2644 a
991 2583 1057 2644 luce
1071 2601 1128 2643 non
1140 2581 1203 2642 len·

158 2672 192 2727 bi
201 2666 274 2742 gius.
293 2665 472 2743 Apodyterio
484 2669 694 2745 superpositum
710 2675 756 2728 est
770 2665 1012 2746 sphaeristerium,
1029 2666 1202 2746 quodpiam
1301 2695 1302 2762 p

201 2765 308 2825 genera
331 2751 543 2810 exercitationis
558 2750 715 2829 pluresque
738 2750 862 2812 circulos
879 2753 964 2830 capit.
991 2749 1055 2811 Non
1069 2749 1203 2830 procula
1301 2763 1302 2826 l

201 2830 313 2891 balineo
331 2831 437 2910 scalae,
454 2851 525 2910 quae
541 2833 569 2892 ie
585 2836 826 2913 cryptoporticum
840 2835 945 2912 iemnt,
961 2838 1039 2912 prius
1049 2835 1084 2895 ad
1095 2835 1246 2904 diaetaeao
1301 2849 1302 2854 ’

200 2923 271 2975 tres.
302 2913 405 2974 llarum
425 2915 478 2976 alia
492 2916 605 2978 areolae
620 2917 662 2976 illi
680 2921 707 2976 in
723 2935 777 2995 qua
791 2918 895 2997 platani
907 2927 1039 2998 quattuor
1052 2919 1106 2979 alia
1120 2927 1202 2997 prato
1301 2963 1302 2966 ,

202 2997 255 3058 alia
268 3000 360 3059 vineis
379 3001 503 3061 imminet
519 3001 703 3080 diversasque
718 3001 790 3062 caeli
804 3011 900 3080 partes
920 3012 950 3063 nt
965 3012 1139 3081 prospectus
1153 3001 1202 3062 ha·

159 3082 261 3144 trehet.
283 3081 316 3143 ln
331 3101 437 3145 summa
452 3087 666 3164 cryptoporticu
682 3085 843 3146 cubiculum
858 3105 895 3146 ex
909 3088 972 3166 ipsa
987 3088 1203 3166 cryptoporticu
1301 3155 1302 3162 ἵ

202 3169 340 3243 excisum,
357 3168 433 3245 qnod
447 3168 664 3248 hippodromum
679 3171 776 3230 vineas
792 3179 904 3231 montes
918 3172 1051 3230 intuetur.
1074 3169 1203 3246 iungitur
1301 3183 1302 3200 ¹

203 3250 363 3311 cubiculum
384 3253 497 3311 obvium
511 3251 582 3330 soli,
604 3255 722 3314 aramme
744 3253 872 3314 hiberno.
903 3253 975 3314 ilinc
997 3255 1086 3314 oritur
1099 3253 1243 3330 dicetque
1301 3271 1302 3276 ’

203 3351 275 3410 quae
295 3334 379 3394 villae
399 3335 615 3415 hippodromum
631 3335 766 3398 adnectit.
795 3338 874 3398 llaec
897 3337 1004 3415 iacies,
1030 3337 1077 3398 hic
1096 3355 1166 3398 usus
1187 3356 1202 3397 a
1301 3355 1302 3358 ’

162 3416 306 3478 bbfronte.
333 3417 359 3476 A
376 3417 466 3479 latere
484 3421 594 3481 aestiva
611 3423 840 3499 cryptoporticus
855 3423 883 3481 in
900 3421 979 3482 edito
992 3423 1102 3500 posita,
1129 3438 1203 3500 quae

202 3517 259 3560 non
272 3502 403 3578 aspicere
420 3503 535 3581 vineas,
559 3503 612 3565 sed
624 3512 742 3581 magere
757 3505 882 3564 ridetur:
902 3506 931 3565 in
945 3504 1037 3565 media
1051 3504 1203 3565 triclinium
1301 3497 1302 3524 ¹
