2614 4104
216 266 280 328 236
521 264 554 327 0.
575 265 673 327 rainl
693 266 743 327 ΕΤ
764 267 925 328 ruamur

217 421 302 480 ctiam
323 422 370 498 qui
393 439 409 480 a
433 421 602 482 censoribus
628 419 810 498 legerentur,
838 421 978 482 dumtaxat
995 423 1023 482 in
1045 424 1226 501 paucissimis

194 504 394 582 aclvitatibus,
406 504 482 565 aliud
493 504 569 581 aliis,
585 505 666 564 iussit
678 504 793 565 inferre.
815 505 958 583 Superest
973 523 1044 585 ergo
1057 515 1090 565 ut
1103 507 1173 584 ipse
1188 507 1226 566 di·

219 588 325 667 spiclas
350 607 386 648 au
406 589 434 648 iu
458 589 588 649 omnibus
609 589 770 648 civitatibus
798 599 907 650 certum
929 589 1034 668 aliquid
1055 591 1239 669 omnesqui·

218 670 321 732 deiude
334 671 466 732 buleutae
480 672 615 750 leguntur
629 672 751 732 debeant
765 690 818 751 pro
832 674 947 733 introitu
962 675 1039 734 dare.
1061 673 1138 734 Nam
1152 675 1227 754 quod

219 757 247 815 in
263 764 433 834 perpetuum
453 773 612 817 mansurum
628 765 673 816 cst
692 764 754 816 ate
770 758 904 817 constitui
919 757 1022 836 decet,
1044 759 1128 818 cuius
1144 758 1245 819 iactisd

219 837 362 916 dictisque
377 839 499 901 debetur
508 841 671 901 aeternitas.

587 971 689 1033 cxru.
715 969 855 1052 [curun]

555 1071 720 1124 TRAIANUS
735 1073 842 1124 PLINIO
860 1073 887 1128 S.

281 1175 465 1236 Honorarium
482 1174 682 1237 decurionatus
697 1169 795 1236 omues
815 1179 905 1256 quiin
920 1196 1034 1257 quaque
1050 1180 1167 1242 civitate
1180 1180 1225 1241 Bl-
1234 1185 1257 1238 lt

218 1259 332 1336 thynias
354 1258 524 1320 decuriones
546 1261 614 1321 liunt
628 1260 735 1320 inferre
750 1260 873 1321 debeant
889 1279 999 1340 necue,
1015 1263 1045 1322 iu
1059 1265 1223 1326 universum

218 1362 295 1403 ame
310 1360 366 1403 uon
380 1353 478 1422 potest
492 1347 586 1404 statui.
609 1343 641 1403 ld
656 1360 727 1420 ergo
749 1343 826 1422 quod
843 1362 960 1424 semper
978 1348 1153 1406 tutissimum
1170 1358 1223 1426 est,

219 1427 394 1507 sequendam
417 1430 555 1506 cuiusque
580 1429 701 1488 civitatis
721 1425 818 1504 legem
836 1437 926 1528 puto,
950 1429 1063 1489 scilicet
1085 1430 1222 1492 adversus

219 1528 272 1572 eos
288 1513 335 1589 qui
353 1511 432 1571 iuviti
447 1511 515 1572 liunt
531 1511 701 1572 decuriones
715 1511 743 1571 id
759 1513 889 1572 existimo
909 1523 1041 1591 acturos,
1060 1522 1093 1572 nt
1107 1524 1127 1584 †
1141 1533 1222 1594 prae·

219 1594 287 1655 latio
302 1596 407 1655 ceteris
424 1595 612 1673 praeferatur.
1230 1605 1255 1658 15

597 1727 715 1790 cxuu.
736 1726 846 1807 [oxu]

438 1827 466 1882 G.
490 1826 614 1879 PLINIUS
631 1827 776 1879 TRAIANO
795 1826 1006 1882 IMPERATORI.

197 1938 207 1988 ι
280 1927 371 2006 Lege,
389 1929 519 2006 domiue,
534 1929 685 2007 Pompeia,
704 1931 872 2006 permissum
888 1929 1045 2005 Bithynicis
1061 1932 1220 1992 civitatibus

217 2013 382 2072 adscribere
404 2013 460 2073 sibi
480 2030 552 2090 quos
572 2012 682 2073 vellent
700 2015 791 2090 cives,
808 2013 873 2073 dum
889 2032 926 2074 ue
941 2032 1025 2093 quem
1041 2033 1140 2075 earum
1156 2016 1255 2076 civi-tt

218 2105 306 2157 tatum
323 2112 395 2173 quae
417 2104 482 2156 suut
499 2097 527 2156 iu
546 2095 684 2170 Bithynia.
718 2095 826 2157 Eadem
842 2097 910 2175 lege
925 2099 1050 2158 sancitur
1065 2099 1170 2178 quibus
1187 2099 1220 2158 de

194 2181 313 2240 tcausis
334 2198 351 2239 e
372 2188 471 2240 senatu
493 2197 510 2238 a
530 2181 699 2240 censoribus
722 2182 867 2241 eiciantur.
900 2181 969 2242 lude
990 2199 1036 2242 me
1057 2183 1172 2262 quidam
1187 2201 1222 2244 ex

220 2264 389 2324 censoribus
407 2263 612 2324 consulendum
634 2273 804 2343 putaverunt
824 2284 859 2326 au
880 2267 977 2325 eicere
999 2265 1141 2328 deberent
1159 2284 1221 2329 cum

192 2350 267 2428 tiqui
280 2357 358 2408 esset
372 2346 489 2408 alterius
506 2349 636 2408 civitatis.
659 2345 742 2425 Ego,
758 2349 822 2426 quia
836 2347 886 2409 lex
900 2350 974 2410 sicut
988 2350 1111 2412 adscribi
1130 2352 1221 2412 civem

218 2432 340 2493 alienum
352 2431 476 2507 vetabat,
493 2432 531 2491 ita
543 2431 597 2490 cici
613 2450 629 2491 e
646 2439 745 2491 senatu
758 2432 794 2491 ob
808 2431 881 2492 hauc
897 2450 1009 2493 causam
1023 2451 1081 2494 uon
1093 2435 1255 2513 iubebat,tt

218 2527 368 2596 praeterea
395 2515 472 2594 quod
493 2515 690 2576 adfirmabatur
707 2516 773 2574 mibi
798 2518 826 2575 iu
850 2518 923 2577 omni
949 2518 1062 2578 ciuitate
1084 2518 1222 2598 plurimus

218 2619 287 2661 esse
307 2599 438 2660 buleutas
461 2618 498 2660 cx
518 2598 580 2658 aliis
602 2598 761 2660 civitatibus
782 2599 964 2680 futurumque
986 2611 1017 2662 ut
1037 2601 1118 2662 multi
1134 2604 1222 2664 homi·

221 2701 275 2746 nes
291 2681 454 2761 multaeque
473 2684 602 2744 civitates
619 2691 849 2763 concuterentur,
866 2704 935 2746 com
949 2704 984 2746 ea
998 2703 1063 2764 pars
1077 2683 1156 2764 legis
1170 2689 1222 2746 ianr

217 2766 328 2846 pridem
343 2785 486 2828 consensu
501 2767 622 2846 quodam
637 2765 833 2846 exclusisset,
854 2771 1049 2830 necessarium
1064 2773 1222 2832 existimavi

219 2849 371 2912 consulere
390 2859 420 2910 te
444 2851 510 2929 quid
530 2850 699 2911 servandum
718 2860 844 2929 putares.
877 2850 975 2933 Capita
997 2853 1072 2931 legis
1086 2854 1131 2916 his
1146 2855 1258 2916 litte-³0

216 2937 256 2996 ris
271 2935 392 2995 subieci.

603 3066 688 3129 cxv.
711 3067 835 3148 [oxu]

550 3168 713 3221 TRAIANUS
730 3168 837 3221 PLINIO
855 3167 882 3220 S.

279 3271 382 3333 llerito
408 3273 544 3350 haesisti,
575 3273 708 3334 Secunde
731 3276 893 3351 carissime,
920 3273 1023 3353 quida
1047 3282 1077 3333 te
1099 3273 1257 3336 rescribiti

218 3365 368 3437 oporteret
382 3357 550 3418 censoribus
569 3356 800 3433 consulentibus,
828 3376 862 3417 an
880 3399 948 3417 ....
966 3359 1139 3417 incenatum
1155 3355 1220 3417 alia·

217 3458 279 3499 rum
294 3441 448 3518 civitatum,
466 3440 593 3501 eiusdem
607 3448 699 3499 tamen
713 3443 876 3519 provinciae
893 3443 983 3502 cives.
1011 3438 1081 3500 Nam
1099 3450 1129 3501 et
1145 3440 1220 3518 legis

216 3523 370 3583 auctoritas
393 3532 422 3582 et
442 3521 528 3599 longa
551 3524 728 3583 cousuetudo
748 3536 883 3604 usurpata
900 3534 998 3585 contra
1018 3524 1115 3602 legem
1135 3525 1165 3584 iu
1181 3524 1220 3583 di·
