2614 4104
395 257 660 322 PANEGYRIGUS
681 269 724 323 53.
733 268 829 322 sant.
933 307 941 312 -
1048 257 1111 324 271

99 414 264 494 quiescant.
277 410 342 484 Quo
348 414 536 489 constantius,
549 422 646 490 patres
660 413 825 491 conscripti,
833 409 986 474 etdolores
997 422 1111 474 nostros

100 507 135 558 et
147 496 249 576 gnoma
261 495 455 575 proferamus:
475 499 626 558 laetemur
643 497 691 556 bie
703 498 813 574 quibas
822 496 974 575 finimur,
992 497 1111 574 ingemi·

100 599 219 642 scamus
235 579 292 640 illis
314 597 387 658 quae
408 581 593 658 patiebamur.
622 579 711 639 Simul
725 589 875 659 utrumqne
891 577 1050 638 laciendum
1066 589 1112 640 est

36 714 43 725 .
100 665 158 726 sub
170 665 247 724 bono
258 665 401 743 principe.
411 661 474 723 Hoc
486 672 597 725 secreta
607 674 715 741 nostra,
723 663 779 724 boc
791 679 950 740 sennones,
962 661 1018 723 boc
1030 665 1110 742 ipsae

72 750 256 827 sgmtinrnm
268 749 397 808 actiones
405 757 499 825 agant,
517 749 750 826 meminerintque
767 749 810 808 sic
823 748 942 808 maxime
952 745 1058 806 landari
1069 749 1111 806 in·

101 831 248 893 columem
258 833 473 910 imperatorem,
489 833 513 892 si
525 832 637 910 priores
652 848 737 892 secus
752 832 844 891 meriti
858 830 1110 909 reprehendantur.

100 915 176 976 Nam
191 934 256 975 cum
273 915 309 976 de
324 914 398 974 malo
412 917 542 995 principe
556 916 665 994 posteri
679 923 791 992 tacent,
814 914 991 975 manifestum
1006 924 1051 975 est
1063 932 1109 974 ea·

100 1000 170 1060 dem
192 999 289 1059 lacere
307 1009 499 1078 praesentem.
531 997 568 1059 Et
588 1000 652 1076 quis
670 997 822 1059 iamlocus
836 1001 956 1058 miserae
971 998 1107 1059 adulatio·
1118 996 1160 1063 54

99 1084 149 1143 nis
169 1083 300 1143 manebat
315 1084 445 1161 ignarus,
467 1101 531 1142 cum
551 1081 650 1142 laudes
670 1085 869 1161 imperatorum
890 1081 964 1142 ludis
980 1084 1064 1142 etiam
1081 1094 1110 1145 et

58 1180 93 1232 10
103 1167 354 1228 commissionibus
370 1165 601 1242 celebrarentur,
620 1165 805 1242 saltarentur,
825 1176 912 1244 atque
925 1167 954 1225 in
969 1182 1052 1226 omne
1066 1166 1109 1226 ln·

101 1251 227 1311 dibrinm
242 1249 410 1311 elleminatis
423 1251 545 1310 vocibus
558 1250 651 1309 modis
665 1249 796 1328 gestibus
812 1247 1031 1327 frangerentur?
1050 1249 1109 1310 Sed

99 1333 175 1394 illud
189 1333 333 1411 indignum
347 1333 423 1412 quod
439 1334 542 1394 eodem
556 1343 685 1411 tempore
700 1335 728 1392 in
739 1342 838 1392 senatu
853 1335 921 1393 etin
938 1349 1057 1410 scaeua,
1073 1334 1109 1394 ab

101 1419 244 1479 bistrione
255 1428 285 1479 et
300 1417 447 1479 aconsule
463 1417 655 1478 laudabantur.
682 1417 724 1476 Tu
738 1416 841 1496 procul
856 1435 872 1477 a
887 1419 928 1477 tui
945 1416 1022 1477 cultu
1037 1416 1109 1478 ludl-

102 1520 170 1564 cras
186 1511 261 1562 artes
275 1503 432 1562 removisti.
454 1501 535 1564 Seria
548 1520 620 1580 ergo
634 1511 664 1562 te
679 1504 799 1562 carmina
812 1501 961 1580 honorque
974 1510 1107 1564 aeternus

58 1596 91 1649 15
102 1585 262 1663 annalium,
281 1603 337 1646 uon
353 1585 424 1646 baec
438 1586 534 1646 brevis
548 1594 578 1646 et
592 1585 722 1665 pudenda
737 1586 911 1663 praedicatio
930 1584 1015 1645 colit:
1042 1587 1109 1664 quin

101 1671 190 1730 etiam
211 1678 288 1730 tanto
310 1671 417 1730 maiore
437 1688 579 1731 consensu
600 1672 627 1728 in
641 1669 908 1729 venerationem-tui
922 1669 1032 1729 theatra
1046 1672 1108 1748 ipsa

102 1763 297 1831 consurgent,
324 1763 428 1832 quanto
448 1756 538 1831 magis
559 1753 595 1814 de
614 1763 644 1814 te
664 1770 787 1814 scaenae
802 1751 935 1812 silebunt.
967 1751 1025 1811 Sed
1041 1751 1108 1830 quid

100 1855 163 1914 ego
182 1837 257 1898 istud
276 1837 412 1915 admiror,
433 1855 497 1898 cnm
517 1854 570 1897 eos
589 1855 704 1916 quoque
724 1837 849 1897 bonores
864 1838 911 1915 qui
928 1836 978 1896 tibi
992 1853 1008 1894 a
1022 1836 1107 1896 nobis

101 1921 262 1982 olleruntur
275 1930 322 1981 aut
337 1920 463 1982 delibare
477 1923 646 2001 parcissime
659 1929 706 1980 aut
720 1922 832 1981 omnino
844 1919 940 1980 soleas
950 1917 1107 2002 recusare?

58 2003 182 2065 aoNiutt
196 2015 261 2064 ante
275 2014 330 2064 tam
344 2005 479 2083 vulgare,
499 2014 555 2065 tam
571 2023 687 2084 parvum
701 2006 728 2064 iu
744 2014 843 2066 senatu
858 2004 995 2083 agebatur
1006 2013 1035 2064 ut
1050 2021 1107 2064 non

100 2088 235 2148 laudibus
254 2090 411 2168 principum
432 2091 636 2149 inmorarentur
655 2089 879 2168 quibuscumque
900 2088 1036 2149 censendi
1056 2107 1106 2148 ne·

102 2173 227 2232 cessitas
240 2172 402 2233 accidisset.
439 2171 484 2232 De
499 2172 658 2251 ampliando
672 2190 789 2233 numero
803 2173 989 2251 gladiatorum
1006 2181 1054 2232 aut
1069 2171 1106 2232 de

100 2255 277 2316 instituendo
293 2255 421 2334 collegio
438 2256 580 2316 labrorum
598 2257 834 2333 consulebamur,
850 2266 880 2316 et
893 2257 973 2335 quasi
988 2254 1106 2334 prolatis

100 2341 216 2418 imperii
236 2340 337 2400 linibus
354 2359 429 2400 nuuc
444 2341 577 2418 ingentes
591 2357 674 2401 arcus
689 2356 919 2419 excessurosque
935 2337 1106 2416 templorum

60 2423 250 2501 aslastigium
261 2422 376 2502 titulos,
401 2442 476 2484 nnnc
490 2442 606 2485 menses
620 2426 704 2484 etiam
717 2441 773 2483 nec
787 2423 841 2485 bos
855 2422 986 2500 singulos
1001 2423 1106 2482 nomini

102 2505 258 2568 Gaesamm
279 2507 450 2567 dicebamus.
483 2507 662 2569 Pallebantnr
683 2507 742 2582 illl,
770 2516 799 2567 et
821 2509 901 2585 quasi
923 2509 1105 2584 meruissent,

101 2590 288 2652 laetabantur.
326 2589 364 2651 At
381 2609 455 2652 nuno
470 2595 532 2672 quis
547 2601 691 2668 nostmm,
715 2600 855 2670 tamquam
871 2589 976 2652 oblitus
991 2591 1053 2650 eius
1070 2589 1106 2649 de

103 2691 164 2754 quo
185 2674 325 2753 refertur,
358 2675 493 2736 censendi
514 2676 637 2736 cilicium
657 2677 795 2755 principis
815 2675 924 2736 bonore
947 2670 1107 2736 consumit?

102 2757 182 2818 Tuae
196 2758 396 2819 moderationis
407 2758 469 2820 laus
484 2758 556 2820 haec
571 2761 725 2820 constantia
737 2769 847 2820 nostra:
861 2760 912 2820 tibi
924 2759 1108 2838 obsequimur

61 2848 95 2904 ³⁰
104 2839 183 2921 quod
197 2844 226 2902 in
240 2845 344 2904 curiam
357 2859 413 2903 non
430 2845 466 2905 ad
480 2854 623 2905 certamen
635 2843 822 2903 adulationum
837 2843 889 2905 sed
903 2842 938 2904 ad
952 2862 1033 2905 usum
1047 2861 1107 2902 mu·

101 2945 215 3004 uusque
231 2929 354 2988 institiae
369 2928 569 3004 convenimus,
582 2928 654 2988 banc
668 2927 840 3006 simplicitati
854 2939 919 2990 tuae
935 2928 1107 3005 veritatique

102 3011 221 3088 gratiam
234 3011 353 3070 relaturi
370 3021 400 3072 ut
415 3020 444 3071 te
459 3029 532 3091 quae
547 3013 591 3072 vis
605 3011 698 3089 velle,
721 3029 793 3090 quae
808 3030 866 3072 non
879 3015 923 3072 vis
943 3012 1021 3071 nolle
1044 3029 1107 3070 cre·

103 3094 212 3154 damus.
248 3095 401 3173 lucipimns
426 3094 509 3172 inde,
536 3094 690 3155 desinimus
709 3097 748 3156 ibi
767 3113 784 3156 a
804 3113 861 3174 quo
882 3096 986 3174 incipi,
1007 3096 1108 3172 inquo

103 3176 197 3238 desini
211 3179 264 3239 sub
280 3177 336 3238 alio
352 3181 481 3258 principe
496 3195 552 3238 uon
568 3189 679 3256 posset.
701 3176 770 3238 Nam
783 3177 939 3256 plerosque
954 3196 992 3237 en
1007 3176 1108 3236 decre·

63 3263 141 3322 botis
156 3261 311 3323 honoribus
332 3272 361 3323 et
381 3262 427 3322 alii
443 3281 499 3322 non
512 3272 699 3341 receperunt:
725 3277 808 3322 nemo
823 3271 888 3321 ante
902 3268 996 3320 tantus
1010 3259 1063 3321 luit
1077 3269 1108 3320 ut

104 3345 272 3406 crederetur
285 3345 412 3406 noluisse
425 3346 552 3406 decerni.
572 3345 657 3418 Quod
672 3363 728 3423 ego
743 3343 831 3406 titulis
849 3345 978 3404 omnibus
993 3345 1108 3423 specio·

104 3430 164 3491 sius
178 3447 262 3507 reor,
277 3429 389 3508 quando
402 3447 459 3490 non
473 3431 600 3490 trabibus
616 3439 663 3490 aut
677 3431 754 3488 saxis
768 3445 871 3489 nomen
887 3438 964 3488 tuum
979 3427 1032 3489 sed
1047 3443 1107 3486 mo·

104 3515 243 3574 dumentis
257 3523 391 3575 aeternae
405 3513 495 3575 laudis
509 3512 648 3574 inciditur.
675 3512 731 3574 lbit
749 3514 777 3573 in
793 3511 907 3574 saecula
924 3513 1013 3574 inisse
1028 3512 1104 3592 prin·
1116 3504 1161 3574 55
