2632 4102
191 229 234 290 to
616 227 649 290 c.
670 227 768 290 rum
861 202 867 212 '

192 381 232 442 dit
245 388 292 441 aut
308 381 423 441 retinet.
444 381 606 442 Procoeton
621 381 687 443 inde
707 389 737 441 et
757 379 918 440 cubiculum
933 380 1088 460 porrigitur
1103 381 1132 440 in
1146 397 1194 440 so·

192 464 267 542 lem,
299 481 384 544 quem
407 467 545 525 orientem
567 466 660 527 statim
680 473 834 543 exceptum
854 464 927 525 ultra
950 464 1097 525 meridiem
1121 463 1194 524 obli·

157 558 258 610 t4cum
279 547 393 627 quidem
416 547 468 608 sed
495 557 587 609 amen
613 557 720 610 servat.
755 547 788 608 ln
808 547 881 608 hanc
906 564 964 624 ego
987 546 1108 618 diaetam
1128 564 1194 607 cum

192 650 237 692 me
252 631 363 710 recepi,
379 633 482 692 abesse
497 631 563 691 mihi
580 633 694 693 etfama
709 631 777 692 villa
792 649 855 692 mea
867 631 986 708 uideor,
1007 648 1194 709 magnamquc

192 716 254 778 eius
272 715 450 794 voluptatem
469 716 625 794 praecipue
648 713 842 776 Saturnalibus
870 716 972 794 capio,
998 733 1062 774 cum
1081 712 1221 791 reliquae

192 817 258 879 pars
274 800 343 860 tecti
358 797 474 860 licentia
488 799 596 858 diemm
610 799 750 878 festisque
767 798 942 859 clamoribus
954 807 1104 878 personat:
1129 815 1194 858 nam

152 893 182 944 to
192 901 246 943 nec
262 885 325 962 ipse
339 899 466 942 meorum
476 881 586 943 lusibus
596 901 652 944 nac
665 881 708 943 illi
718 882 818 942 studiis
829 883 901 942 meis
914 882 1093 961 obstrepunt.
1114 879 1194 940 llaec

193 966 315 1043 utilitas,
336 964 409 1026 haec
424 967 579 1027 amoenitas
595 965 725 1027 deficitur
738 984 811 1045 aqua
824 965 954 1042 salienti,
972 965 1025 1025 sed
1038 973 1142 1044 puteos
1158 982 1194 1024 ac

192 1051 286 1128 potius
309 1049 403 1109 fontes
425 1049 525 1128 hahet:
551 1059 616 1110 sunt
635 1051 709 1110 enim
725 1050 753 1109 in
769 1067 888 1109 summo.
919 1048 957 1110 lit
973 1049 1085 1108 omnino
1099 1046 1193 1108 litoris

191 1132 267 1192 illius
279 1133 347 1192 mira
362 1142 473 1194 natura:
485 1152 666 1215 quocumque
681 1133 748 1194 loco
763 1133 888 1194 moveris
903 1133 1028 1210 lrumunr,
1047 1132 1147 1192 obuius
1164 1139 1194 1191 et
1204 1143 1241 1194 10

193 1225 304 1294 paratus
320 1232 401 1277 umor
418 1219 563 1296 occurrit,
588 1219 672 1297 isque
694 1219 822 1277 sincerus
842 1233 876 1277 ac
897 1235 933 1278 ne
954 1216 1058 1276 leuiter
1079 1214 1195 1294 quidem

150 1305 267 1360 rotante
280 1301 363 1360 maris
379 1301 524 1362 vicinitate
539 1311 700 1381 corruptus.
730 1302 894 1379 Suggerunt
908 1300 1021 1361 adfatim
1036 1299 1113 1377 ligna
1126 1316 1194 1378 pro·
1304 1343 1305 1384 Ξ

191 1385 282 1444 xlmae
300 1383 405 1443 silvae:
423 1393 535 1445 ceteras
547 1387 645 1463 copias
661 1382 802 1445 Ostiensis
815 1383 928 1445 colonia
938 1384 1084 1444 ministrat.
1106 1381 1194 1460 Frugi
1304 1405 1305 1460 ,

192 1466 305 1545 quidem
321 1467 426 1526 lrcmini
441 1467 547 1528 sufficit
562 1469 646 1529 etiam
659 1468 740 1529 vicus
756 1486 840 1546 quem
855 1487 908 1528 una
922 1466 990 1528 uilla
1001 1467 1150 1527 discernit:
1167 1469 1194 1525 iu
1304 1463 1305 1486 ¹

192 1549 362 1624 hocphalnea
374 1551 518 1611 meritoria
531 1552 594 1630 tria,
609 1569 709 1630 magua
720 1552 916 1629 commoditas,
931 1551 956 1610 si
969 1551 1045 1611 forte
1060 1549 1240 1611 balneum15

193 1633 268 1694 domi
283 1633 330 1694 vel
347 1634 457 1694 subitus
479 1635 616 1697 adventus
632 1635 681 1696 vel
700 1636 816 1696 breuior
831 1653 909 1697 mora
925 1633 1068 1696 calfacere
1084 1633 1193 1693 dissua-
1304 1659 1305 1670 ι

152 1728 184 1783 27
194 1717 268 1778 deat.
299 1717 378 1778 litus
394 1728 492 1779 emant
506 1719 641 1781 varietate
656 1719 814 1797 gratissima
829 1738 903 1780 nunc
919 1719 1050 1780 continua
1064 1735 1138 1777 nunc
1152 1718 1194 1776 in·

192 1803 322 1862 termissa
343 1810 420 1863 tecta
438 1801 584 1882 villarum,
608 1822 681 1881 quae
703 1813 846 1881 praestant
867 1801 1015 1864 multarum
1028 1802 1138 1862 urbium
1153 1801 1193 1863 fa·

193 1887 284 1962 ciem,
311 1887 372 1943 sive
391 1887 459 1945 mari
480 1887 543 1947 sive
563 1889 628 1966 ipso
649 1887 734 1948 litore
749 1896 843 1957 utare;
869 1885 945 1965 quod
966 1903 1023 1946 non
1044 1903 1192 1965 numquam

192 1967 278 2045 longa
289 1967 474 2045 tranquillitas
485 1969 586 2048 mollit,
600 1972 715 2050 saepius
727 1969 863 2050 frequens
876 1980 905 2030 et
920 1970 1076 2030 contrarius
1090 1969 1192 2029 fluctus
1202 1975 1239 2026 20

150 2051 310 2113 scinderet.
343 2049 421 2111 liare
437 2069 493 2112 non
508 2072 576 2114 saue
590 2054 725 2134 pretiosis
740 2055 867 2132 piscibus
882 2053 1020 2131 abundat,
1042 2053 1138 2113 soleas
1154 2063 1194 2113 ta·

193 2153 258 2195 men
275 2143 304 2194 et
317 2133 436 2214 squillas
452 2138 572 2214 optimas
584 2138 686 2216 egerit.
716 2136 792 2200 Villa
808 2155 879 2199 vero
893 2147 990 2198 nostra
1007 2137 1092 2198 etiam
1105 2135 1193 2197 medi-

193 2229 338 2278 terraneas
357 2220 455 2298 copias
470 2230 613 2299 praestat,
635 2221 680 2282 lac
696 2223 724 2281 in
738 2221 851 2300 prImis:
877 2239 939 2280 nam
959 2220 1029 2281 illuc
1044 2240 1061 2281 c
1077 2221 1194 2299 pascuis

152 2314 184 2368 to
194 2319 301 2381 pecora
317 2304 499 2381 conveniunt,
515 2304 540 2363 si
555 2304 667 2382 quando
680 2322 780 2383 aquam
794 2305 956 2366 umbramve
970 2313 1125 2366 sectantur.
1147 2302 1192 2364 lu·

194 2387 283 2448 stisne
300 2386 336 2446 de
352 2388 444 2446 causis
460 2388 516 2448 iam
530 2388 580 2448 tibi
595 2387 696 2449 videor
710 2388 856 2466 incolere,
876 2387 1049 2464 inhabitare,
1071 2386 1192 2464 diligere
1202 2389 1238 2442 to

193 2487 359 2549 secessum,
381 2488 465 2549 quem
480 2481 509 2531 tu
525 2471 608 2532 nimis
622 2472 744 2532 urbanus
760 2491 793 2533 es
808 2473 861 2531 nisi
877 2469 1081 2549 concupiscis?
1098 2469 1194 2550 Atque

193 2555 298 2614 utinam
318 2553 522 2633 concupiscas!
548 2565 579 2616 ut
598 2565 641 2616 tot
662 2557 802 2634 tantisque
818 2555 931 2616 dotibus
947 2554 1063 2616 villulae
1080 2563 1195 2615 nostrae

193 2638 310 2696 maxima
326 2637 533 2698 commendatio
549 2657 587 2700 ex
604 2648 653 2699 tuo
669 2640 855 2700 contubernio
870 2638 1000 2700 accedat.
1027 2637 1110 2698 Vale.

367 2759 387 2792 ·
643 2770 748 2832 xvru.
1202 2805 1239 2860 eo

467 2868 495 2922 G.
518 2867 641 2920 PLINIUS
659 2871 802 2924 Msuutoo
823 2869 883 2922 SUO
902 2870 928 2925 S.

170 2989 185 3040 1
256 2968 329 3042 Quid
344 2978 399 3030 ate
411 2969 477 3030 milri
491 2971 639 3031 iucundius
651 2973 743 3050 potuit
756 2971 874 3050 iniungi,
890 2989 972 3051 quam
983 2981 1013 3031 ut
1025 2979 1195 3051 praecepto·

193 3071 254 3114 rem
269 3053 363 3115 fratris
380 3055 418 3114 toi
432 3052 532 3115 liberis
549 3053 737 3134 quaererem?
761 3053 833 3116 liam
845 3056 987 3117 beneficio
1003 3065 1052 3116 tuo
1067 3056 1095 3114 in
1110 3053 1195 3114 scho-

194 3137 250 3198 lam
268 3136 358 3198 redeo
374 3147 403 3198 et
423 3137 500 3198 illam
514 3137 704 3199 dulcissimam
718 3147 840 3200 aetatem
856 3141 936 3217 quasi
951 3155 1081 3199 resumo:
1103 3137 1195 3198 sedeo

192 3223 266 3282 inter
285 3223 415 3300 iuvenes,
432 3231 462 3283 ut
476 3221 615 3298 solebam,
630 3231 715 3300 atque
732 3223 817 3282 etiam
830 3224 965 3301 experior
975 3231 1106 3301 quantum
1120 3221 1237 3299 apuddt

168 3304 259 3366 sitlos
280 3307 453 3366 auctoritatis
476 3324 512 3366 ex
532 3305 632 3367 studiis
653 3305 781 3366 habeam.
816 3303 887 3366 Nam
902 3309 1030 3385 proxime
1051 3305 1196 3384 frequenti

193 3389 331 3451 auditorio
348 3391 422 3450 inter
437 3408 469 3449 se
486 3405 581 3450 coram
594 3388 689 3449 multis
701 3390 807 3449 ordinis
821 3391 911 3450 nostri
926 3388 1003 3450 clare
1015 3389 1194 3449 iocabantur:

193 3473 304 3553 intravi,
321 3474 532 3542 conticuerunt;
552 3472 629 3552 qood
640 3490 696 3533 non
710 3471 867 3553 referrem,
887 3474 941 3534 nisi
956 3472 992 3534 ad
1007 3471 1120 3534 illorum
1138 3489 1194 3534 ma·
