<?xml version="1.0" encoding="UTF-8"?>
<!DOCTYPE html PUBLIC "-//W3C//DTD XHTML 1.0 Transitional//EN"
    "http://www.w3.org/TR/xhtml1/DTD/xhtml1-transitional.dtd">
<html xmlns="http://www.w3.org/1999/xhtml" xml:lang="en" lang="en">
 <head>
  <title>
</title>
<meta http-equiv="Content-Type" content="text/html;charset=utf-8" />
  <meta name='ocr-system' content='tesseract 3.04.00' />
  <meta name='ocr-capabilities' content='ocr_page ocr_carea ocr_par ocr_line ocrx_word'/>
</head>
<body>
  <div class='ocr_page' id='page_1' title='image "./epistularumlibr00plingoog_0308.png"; bbox 0 0 2614 4104; ppageno 0'>
   <div class='ocr_carea' id='block_1_1' title="bbox 378 255 1093 352">
    <p class='ocr_par' dir='ltr' id='par_1_1' title="bbox 378 255 1093 352">
     <span class='ocr_line' id='line_1_1' title="bbox 378 255 1093 352; baseline 0.013 -9"><span class='ocrx_word' id='word_1_1' title='bbox 378 255 641 346; x_wconf 70' lang='lat' dir='ltr'><strong>anuuiutcua</strong></span> <span class='ocrx_word' id='word_1_2' title='bbox 662 293 809 350; x_wconf 77' lang='lat' dir='ltr'><strong>monac.</strong></span> <span class='ocrx_word' id='word_1_3' title='bbox 890 299 893 307; x_wconf 54' lang='lat'>¹</span> <span class='ocrx_word' id='word_1_4' title='bbox 1031 287 1093 352; x_wconf 77' lang='lat'><strong>281</strong></span> 
     </span>
    </p>
   </div>
   <div class='ocr_carea' id='block_1_2' title="bbox 43 433 1203 3606">
    <p class='ocr_par' dir='ltr' id='par_1_2' title="bbox 43 433 1203 3606">
     <span class='ocr_line' id='line_1_2' title="bbox 88 433 1094 519; baseline 0.001 -19"><span class='ocrx_word' id='word_1_5' title='bbox 88 447 153 515; x_wconf 72' lang='lat' dir='ltr'><strong>stu,</strong></span> <span class='ocrx_word' id='word_1_6' title='bbox 177 444 239 498; x_wconf 90' lang='lat' dir='ltr'><strong>toto</strong></span> <span class='ocrx_word' id='word_1_7' title='bbox 260 433 382 514; x_wconf 89' lang='lat' dir='ltr'><strong>denique</strong></span> <span class='ocrx_word' id='word_1_8' title='bbox 402 453 526 515; x_wconf 90' lang='lat' dir='ltr'><strong>corpore</strong></span> <span class='ocrx_word' id='word_1_9' title='bbox 548 437 634 497; x_wconf 84' lang='lat' dir='ltr'><strong>iides!</strong></span> <span class='ocrx_word' id='word_1_10' title='bbox 666 436 788 499; x_wconf 84' lang='lat' dir='ltr'><strong>Tenebit</strong></span> <span class='ocrx_word' id='word_1_11' title='bbox 809 455 881 516; x_wconf 87' lang='lat' dir='ltr'><strong>ergo</strong></span> <span class='ocrx_word' id='word_1_12' title='bbox 895 457 1011 519; x_wconf 89' lang='lat' dir='ltr'><strong>semper</strong></span> <span class='ocrx_word' id='word_1_13' title='bbox 1026 441 1094 519; x_wconf 92' lang='lat' dir='ltr'><strong>quid</strong></span> 
     </span>
     <span class='ocr_line' id='line_1_3' title="bbox 88 519 1177 602; baseline 0.003 -21"><span class='ocrx_word' id='word_1_14' title='bbox 88 521 228 596; x_wconf 86' lang='lat' dir='ltr'><strong>suaserit,</strong></span> <span class='ocrx_word' id='word_1_15' title='bbox 251 520 383 596; x_wconf 88' lang='lat' dir='ltr'><strong>acietquc</strong></span> <span class='ocrx_word' id='word_1_16' title='bbox 398 537 469 597; x_wconf 89' lang='lat' dir='ltr'><strong>noa,</strong></span> <span class='ocrx_word' id='word_1_17' title='bbox 490 521 623 600; x_wconf 89' lang='lat' dir='ltr'><strong>quotiens</strong></span> <span class='ocrx_word' id='word_1_18' title='bbox 638 519 797 582; x_wconf 83' lang='lat' dir='ltr'><strong>libertatem</strong></span> <span class='ocrx_word' id='word_1_19' title='bbox 812 539 894 601; x_wconf 90' lang='lat' dir='ltr'><strong>quam</strong></span> <span class='ocrx_word' id='word_1_20' title='bbox 910 520 988 583; x_wconf 88' lang='lat' dir='ltr'><strong>dedit</strong></span> <span class='ocrx_word' id='word_1_21' title='bbox 1003 541 1092 602; x_wconf 82' lang='lat' dir='ltr'><strong>expe·</strong></span> <span class='ocrx_word' id='word_1_22' title='bbox 1174 561 1177 574; x_wconf 46' lang='grc' dir='ltr'>ι</span> 
     </span>
     <span class='ocr_line' id='line_1_4' title="bbox 87 602 1092 685; baseline 0.003 -21"><span class='ocrx_word' id='word_1_23' title='bbox 87 606 210 679; x_wconf 81' lang='lat' dir='ltr'><strong>riantur,</strong></span> <span class='ocrx_word' id='word_1_24' title='bbox 234 602 289 662; x_wconf 91' lang='lat' dir='ltr'><strong>sibi</strong></span> <span class='ocrx_word' id='word_1_25' title='bbox 306 619 418 680; x_wconf 84' lang='lat' dir='ltr'><strong>parere.</strong></span> <span class='ocrx_word' id='word_1_26' title='bbox 441 603 505 666; x_wconf 89' lang='lat' dir='ltr'><strong>Nec</strong></span> <span class='ocrx_word' id='word_1_27' title='bbox 518 602 673 665; x_wconf 85' lang='lat' dir='ltr'><strong>verendum</strong></span> <span class='ocrx_word' id='word_1_28' title='bbox 688 613 782 666; x_wconf 88' lang='lat' dir='ltr'><strong>estne</strong></span> <span class='ocrx_word' id='word_1_29' title='bbox 799 606 928 666; x_wconf 89' lang='lat' dir='ltr'><strong>incautos</strong></span> <span class='ocrx_word' id='word_1_30' title='bbox 945 613 1041 685; x_wconf 87' lang='lat' dir='ltr'><strong>putet,</strong></span> <span class='ocrx_word' id='word_1_31' title='bbox 1067 609 1092 667; x_wconf 88' lang='lat' dir='ltr'><strong>si</strong></span> 
     </span>
     <span class='ocr_line' id='line_1_5' title="bbox 88 686 1092 766; baseline 0.002 -18"><span class='ocrx_word' id='word_1_32' title='bbox 88 686 225 748; x_wconf 80' lang='lat' dir='ltr'><strong>fidelitate</strong></span> <span class='ocrx_word' id='word_1_33' title='bbox 240 695 399 765; x_wconf 88' lang='lat' dir='ltr'><strong>temporum</strong></span> <span class='ocrx_word' id='word_1_34' title='bbox 413 695 576 748; x_wconf 73' lang='lat' dir='ltr'><strong>constanter</strong></span> <span class='ocrx_word' id='word_1_35' title='bbox 591 695 715 764; x_wconf 86' lang='lat' dir='ltr'><strong>utamur,</strong></span> <span class='ocrx_word' id='word_1_36' title='bbox 730 704 803 766; x_wconf 90' lang='lat' dir='ltr'><strong>quos</strong></span> <span class='ocrx_word' id='word_1_37' title='bbox 819 690 943 750; x_wconf 92' lang='lat' dir='ltr'><strong>meminit</strong></span> <span class='ocrx_word' id='word_1_38' title='bbox 954 690 1007 750; x_wconf 90' lang='lat' dir='ltr'><strong>sub</strong></span> <span class='ocrx_word' id='word_1_39' title='bbox 1017 690 1092 750; x_wconf 88' lang='lat' dir='ltr'><strong>malo</strong></span> 
     </span>
     <span class='ocr_line' id='line_1_6' title="bbox 62 767 1093 850; baseline 0 -18"><span class='ocrx_word' id='word_1_40' title='bbox 62 771 218 850; x_wconf 77' lang='lat' dir='ltr'><strong>oprincipe</strong></span> <span class='ocrx_word' id='word_1_41' title='bbox 235 767 318 829; x_wconf 85' lang='lat' dir='ltr'><strong>aliter</strong></span> <span class='ocrx_word' id='word_1_42' title='bbox 331 769 449 832; x_wconf 82' lang='lat' dir='ltr'><strong>vixisse.</strong></span> <span class='ocrx_word' id='word_1_43' title='bbox 480 769 651 848; x_wconf 89' lang='lat' dir='ltr'><strong>Nuucupare</strong></span> <span class='ocrx_word' id='word_1_44' title='bbox 671 780 738 832; x_wconf 84' lang='lat' dir='ltr'><strong>vota</strong></span> <span class='ocrx_word' id='word_1_45' title='bbox 751 780 781 832; x_wconf 92' lang='lat' dir='ltr'><strong>et</strong></span> <span class='ocrx_word' id='word_1_46' title='bbox 795 787 849 849; x_wconf 92' lang='lat' dir='ltr'><strong>pro</strong></span> <span class='ocrx_word' id='word_1_47' title='bbox 862 775 1031 834; x_wconf 88' lang='lat' dir='ltr'><strong>aeternitate</strong></span> <span class='ocrx_word' id='word_1_48' title='bbox 1041 775 1093 832; x_wconf 91' lang='lat' dir='ltr'><strong>im·</strong></span> 
     </span>
     <span class='ocr_line' id='line_1_7' title="bbox 87 851 1092 934; baseline 0.001 -20"><span class='ocrx_word' id='word_1_49' title='bbox 87 854 162 932; x_wconf 91' lang='lat' dir='ltr'><strong>perii</strong></span> <span class='ocrx_word' id='word_1_50' title='bbox 183 861 213 914; x_wconf 89' lang='lat' dir='ltr'><strong>et</strong></span> <span class='ocrx_word' id='word_1_51' title='bbox 234 869 287 930; x_wconf 91' lang='lat' dir='ltr'><strong>pro</strong></span> <span class='ocrx_word' id='word_1_52' title='bbox 307 851 400 914; x_wconf 90' lang='lat' dir='ltr'><strong>salute</strong></span> <span class='ocrx_word' id='word_1_53' title='bbox 414 854 590 933; x_wconf 79' lang='lat' dir='ltr'>principum,</span> <span class='ocrx_word' id='word_1_54' title='bbox 612 855 696 914; x_wconf 89' lang='lat' dir='ltr'><strong>immo</strong></span> <span class='ocrx_word' id='word_1_55' title='bbox 713 869 766 931; x_wconf 92' lang='lat' dir='ltr'><strong>pro</strong></span> <span class='ocrx_word' id='word_1_56' title='bbox 780 854 872 918; x_wconf 86' lang='lat' dir='ltr'><strong>salute</strong></span> <span class='ocrx_word' id='word_1_57' title='bbox 887 857 1046 934; x_wconf 88' lang='lat' dir='ltr'><strong>principum</strong></span> <span class='ocrx_word' id='word_1_58' title='bbox 1057 875 1092 916; x_wconf 87' lang='lat' dir='ltr'><strong>ac</strong></span> 
     </span>
     <span class='ocr_line' id='line_1_8' title="bbox 87 935 1092 1018; baseline 0.003 -22"><span class='ocrx_word' id='word_1_59' title='bbox 87 946 210 1016; x_wconf 92' lang='lat' dir='ltr'><strong>propter</strong></span> <span class='ocrx_word' id='word_1_60' title='bbox 224 935 291 996; x_wconf 87' lang='lat' dir='ltr'><strong>iilos</strong></span> <span class='ocrx_word' id='word_1_61' title='bbox 305 953 358 1015; x_wconf 92' lang='lat' dir='ltr'><strong>pro</strong></span> <span class='ocrx_word' id='word_1_62' title='bbox 374 938 542 998; x_wconf 70' lang='lat' dir='ltr'><strong>aeternitate</strong></span> <span class='ocrx_word' id='word_1_63' title='bbox 556 937 668 1015; x_wconf 88' lang='lat' dir='ltr'><strong>imperii</strong></span> <span class='ocrx_word' id='word_1_64' title='bbox 682 937 857 1000; x_wconf 88' lang='lat' dir='ltr'><strong>solebamus.</strong></span> <span class='ocrx_word' id='word_1_65' title='bbox 882 937 960 1000; x_wconf 88' lang='lat' dir='ltr'><strong>Haec</strong></span> <span class='ocrx_word' id='word_1_66' title='bbox 974 956 1027 1018; x_wconf 92' lang='lat' dir='ltr'><strong>pro</strong></span> <span class='ocrx_word' id='word_1_67' title='bbox 1041 940 1092 999; x_wconf 93' lang='lat' dir='ltr'><strong>im·</strong></span> 
     </span>
     <span class='ocr_line' id='line_1_9' title="bbox 86 1020 1093 1101; baseline 0.004 -21"><span class='ocrx_word' id='word_1_68' title='bbox 86 1022 172 1100; x_wconf 90' lang='lat' dir='ltr'><strong>perio</strong></span> <span class='ocrx_word' id='word_1_69' title='bbox 193 1029 291 1080; x_wconf 91' lang='lat' dir='ltr'><strong>nostro</strong></span> <span class='ocrx_word' id='word_1_70' title='bbox 313 1020 341 1078; x_wconf 92' lang='lat' dir='ltr'><strong>in</strong></span> <span class='ocrx_word' id='word_1_71' title='bbox 364 1038 437 1099; x_wconf 89' lang='lat' dir='ltr'><strong>quae</strong></span> <span class='ocrx_word' id='word_1_72' title='bbox 457 1023 512 1082; x_wconf 88' lang='lat' dir='ltr'><strong>sint</strong></span> <span class='ocrx_word' id='word_1_73' title='bbox 533 1021 622 1080; x_wconf 85' lang='lat' dir='ltr'><strong>verba</strong></span> <span class='ocrx_word' id='word_1_74' title='bbox 637 1030 773 1100; x_wconf 90' lang='lat' dir='ltr'><strong>suscepta</strong></span> <span class='ocrx_word' id='word_1_75' title='bbox 787 1038 893 1101; x_wconf 79' lang='lat' dir='ltr'><strong>operae</strong></span> <span class='ocrx_word' id='word_1_76' title='bbox 908 1025 1031 1101; x_wconf 89' lang='lat' dir='ltr'><strong>pretium</strong></span> <span class='ocrx_word' id='word_1_77' title='bbox 1046 1032 1093 1084; x_wconf 89' lang='lat' dir='ltr'><strong>est</strong></span> 
     </span>
     <span class='ocr_line' id='line_1_10' title="bbox 86 1102 1091 1184; baseline 0.002 -20"><span class='ocrx_word' id='word_1_78' title='bbox 86 1103 223 1164; x_wconf 89' lang='lat' dir='ltr'><strong>adnotare</strong></span> <span class='ocrx_word' id='word_1_79' title='bbox 246 1104 284 1164; x_wconf 74' lang='lat' dir='ltr'><strong>‘si</strong></span> <span class='ocrx_word' id='word_1_80' title='bbox 304 1102 379 1166; x_wconf 85' lang='lat' dir='ltr'><strong>bene</strong></span> <span class='ocrx_word' id='word_1_81' title='bbox 399 1102 617 1184; x_wconf 87' lang='lat' dir='ltr'><strong>rempublicam</strong></span> <span class='ocrx_word' id='word_1_82' title='bbox 631 1113 662 1164; x_wconf 88' lang='lat' dir='ltr'><strong>et</strong></span> <span class='ocrx_word' id='word_1_83' title='bbox 677 1122 714 1164; x_wconf 88' lang='lat' dir='ltr'><strong>ex</strong></span> <span class='ocrx_word' id='word_1_84' title='bbox 728 1104 847 1166; x_wconf 85' lang='lat' dir='ltr'><strong>utilitate</strong></span> <span class='ocrx_word' id='word_1_85' title='bbox 863 1107 986 1166; x_wconf 90' lang='lat' dir='ltr'><strong>omnium</strong></span> <span class='ocrx_word' id='word_1_86' title='bbox 999 1125 1091 1167; x_wconf 80' lang='lat' dir='ltr'><strong>rece-</strong></span> 
     </span>
     <span class='ocr_line' id='line_1_11' title="bbox 45 1184 1091 1268; baseline -0.001 -18"><span class='ocrx_word' id='word_1_87' title='bbox 45 1199 79 1250; x_wconf 88' lang='lat'><strong>10</strong></span> <span class='ocrx_word' id='word_1_88' title='bbox 88 1190 159 1247; x_wconf 80' lang='lat' dir='ltr'><strong>n&#39;s’.</strong></span> <span class='ocrx_word' id='word_1_89' title='bbox 180 1184 273 1264; x_wconf 84' lang='lat' dir='ltr'><strong>Digna</strong></span> <span class='ocrx_word' id='word_1_90' title='bbox 288 1195 353 1247; x_wconf 89' lang='lat' dir='ltr'><strong>vota</strong></span> <span class='ocrx_word' id='word_1_91' title='bbox 368 1204 442 1266; x_wconf 88' lang='lat' dir='ltr'><strong>quae</strong></span> <span class='ocrx_word' id='word_1_92' title='bbox 455 1205 570 1267; x_wconf 83' lang='lat' dir='ltr'><strong>semper</strong></span> <span class='ocrx_word' id='word_1_93' title='bbox 584 1188 775 1265; x_wconf 88' lang='lat' dir='ltr'><strong>suscipiantur</strong></span> <span class='ocrx_word' id='word_1_94' title='bbox 788 1192 962 1268; x_wconf 81' lang='lat' dir='ltr'><strong>semperque</strong></span> <span class='ocrx_word' id='word_1_95' title='bbox 977 1189 1091 1250; x_wconf 84' lang='lat' dir='ltr'><strong>solvan·</strong></span> 
     </span>
     <span class='ocr_line' id='line_1_12' title="bbox 87 1267 1094 1351; baseline 0 -20"><span class='ocrx_word' id='word_1_96' title='bbox 87 1280 143 1331; x_wconf 91' lang='lat' dir='ltr'><strong>tur.</strong></span> <span class='ocrx_word' id='word_1_97' title='bbox 169 1267 237 1346; x_wconf 85' lang='lat' dir='ltr'><strong>Egit</strong></span> <span class='ocrx_word' id='word_1_98' title='bbox 253 1287 316 1331; x_wconf 92' lang='lat' dir='ltr'><strong>cum</strong></span> <span class='ocrx_word' id='word_1_99' title='bbox 331 1270 386 1331; x_wconf 90' lang='lat' dir='ltr'><strong>diis</strong></span> <span class='ocrx_word' id='word_1_100' title='bbox 401 1271 465 1350; x_wconf 85' lang='lat' dir='ltr'><strong>ipso</strong></span> <span class='ocrx_word' id='word_1_101' title='bbox 481 1280 510 1332; x_wconf 87' lang='lat' dir='ltr'><strong>te</strong></span> <span class='ocrx_word' id='word_1_102' title='bbox 524 1279 660 1345; x_wconf 89' lang='lat' dir='ltr'><strong>auctore,</strong></span> <span class='ocrx_word' id='word_1_103' title='bbox 682 1269 805 1348; x_wconf 78' lang='lat' dir='ltr'><strong>Caesen,</strong></span> <span class='ocrx_word' id='word_1_104' title='bbox 827 1289 875 1333; x_wconf 92' lang='lat' dir='ltr'><strong>res</strong></span> <span class='ocrx_word' id='word_1_105' title='bbox 889 1272 1004 1351; x_wconf 85' lang='lat' dir='ltr'><strong>publica</strong></span> <span class='ocrx_word' id='word_1_106' title='bbox 1018 1282 1049 1333; x_wconf 94' lang='lat' dir='ltr'><strong>ut</strong></span> <span class='ocrx_word' id='word_1_107' title='bbox 1062 1281 1094 1331; x_wconf 90' lang='lat' dir='ltr'><strong>te</strong></span> 
     </span>
     <span class='ocr_line' id='line_1_13' title="bbox 88 1353 1093 1434; baseline 0.002 -20"><span class='ocrx_word' id='word_1_108' title='bbox 88 1355 229 1431; x_wconf 89' lang='lat' dir='ltr'><strong>sospitem</strong></span> <span class='ocrx_word' id='word_1_109' title='bbox 247 1353 477 1432; x_wconf 83' lang='lat' dir='ltr'><strong>incolumemque</strong></span> <span class='ocrx_word' id='word_1_110' title='bbox 492 1361 686 1433; x_wconf 78' lang='lat' dir='ltr'><strong>praestarent,</strong></span> <span class='ocrx_word' id='word_1_111' title='bbox 712 1355 736 1415; x_wconf 92' lang='lat' dir='ltr'><strong>si</strong></span> <span class='ocrx_word' id='word_1_112' title='bbox 757 1363 787 1415; x_wconf 91' lang='lat' dir='ltr'><strong>tu</strong></span> <span class='ocrx_word' id='word_1_113' title='bbox 803 1364 919 1416; x_wconf 86' lang='lat' dir='ltr'><strong>ceteros</strong></span> <span class='ocrx_word' id='word_1_114' title='bbox 935 1357 1093 1434; x_wconf 86' lang='lat' dir='ltr'><strong>praestitis·</strong></span> 
     </span>
     <span class='ocr_line' id='line_1_14' title="bbox 88 1436 1092 1516; baseline 0.003 -20"><span class='ocrx_word' id='word_1_115' title='bbox 88 1455 156 1505; x_wconf 71' lang='lat' dir='ltr'><strong>sem</strong></span> <span class='ocrx_word' id='word_1_116' title='bbox 175 1438 200 1498; x_wconf 90' lang='lat' dir='ltr'><strong>si</strong></span> <span class='ocrx_word' id='word_1_117' title='bbox 216 1446 331 1514; x_wconf 78' lang='lat' dir='ltr'><strong>contra,</strong></span> <span class='ocrx_word' id='word_1_118' title='bbox 353 1437 394 1498; x_wconf 88' lang='lat' dir='ltr'><strong>ilii</strong></span> <span class='ocrx_word' id='word_1_119' title='bbox 410 1455 524 1516; x_wconf 93' lang='lat' dir='ltr'><strong>quoque</strong></span> <span class='ocrx_word' id='word_1_120' title='bbox 538 1455 556 1497; x_wconf 92' lang='grc' dir='ltr'><strong>ι</strong></span> <span class='ocrx_word' id='word_1_121' title='bbox 571 1436 699 1497; x_wconf 88' lang='lat' dir='ltr'><strong>custodia</strong></span> <span class='ocrx_word' id='word_1_122' title='bbox 714 1439 754 1497; x_wconf 93' lang='lat' dir='ltr'><strong>tui</strong></span> <span class='ocrx_word' id='word_1_123' title='bbox 768 1438 870 1516; x_wconf 91' lang='lat' dir='ltr'><strong>capitis</strong></span> <span class='ocrx_word' id='word_1_124' title='bbox 885 1437 987 1500; x_wconf 90' lang='lat' dir='ltr'><strong>oculos</strong></span> <span class='ocrx_word' id='word_1_125' title='bbox 1004 1438 1092 1499; x_wconf 89' lang='lat' dir='ltr'><strong>dimo·</strong></span> 
     </span>
     <span class='ocr_line' id='line_1_15' title="bbox 86 1519 1094 1601; baseline 0.003 -23"><span class='ocrx_word' id='word_1_126' title='bbox 86 1530 189 1582; x_wconf 83' lang='lat' dir='ltr'><strong>renent</strong></span> <span class='ocrx_word' id='word_1_127' title='bbox 204 1529 291 1599; x_wconf 90' lang='lat' dir='ltr'><strong>teque</strong></span> <span class='ocrx_word' id='word_1_128' title='bbox 306 1519 499 1600; x_wconf 85' lang='lat' dir='ltr'><strong>relinquerent</strong></span> <span class='ocrx_word' id='word_1_129' title='bbox 514 1522 588 1582; x_wconf 87' lang='lat' dir='ltr'><strong>votis</strong></span> <span class='ocrx_word' id='word_1_130' title='bbox 605 1539 678 1599; x_wconf 88' lang='lat' dir='ltr'><strong>quae</strong></span> <span class='ocrx_word' id='word_1_131' title='bbox 692 1538 749 1581; x_wconf 92' lang='lat' dir='ltr'><strong>nou</strong></span> <span class='ocrx_word' id='word_1_132' title='bbox 765 1521 855 1600; x_wconf 89' lang='lat' dir='ltr'><strong>palam</strong></span> <span class='ocrx_word' id='word_1_133' title='bbox 868 1523 1094 1601; x_wconf 80' lang='lat' dir='ltr'><strong>susciperentur.</strong></span> 
     </span>
     <span class='ocr_line' id='line_1_16' title="bbox 45 1603 1092 1684; baseline -0.003 -16"><span class='ocrx_word' id='word_1_134' title='bbox 45 1617 78 1668; x_wconf 80' lang='grc'><strong>15</strong></span> <span class='ocrx_word' id='word_1_135' title='bbox 90 1603 146 1664; x_wconf 78' lang='lat' dir='ltr'><strong>Atii</strong></span> <span class='ocrx_word' id='word_1_136' title='bbox 160 1621 193 1663; x_wconf 87' lang='lat' dir='ltr'><strong>se</strong></span> <span class='ocrx_word' id='word_1_137' title='bbox 208 1606 378 1682; x_wconf 89' lang='lat' dir='ltr'><strong>superstites</strong></span> <span class='ocrx_word' id='word_1_138' title='bbox 391 1606 433 1666; x_wconf 88' lang='lat' dir='ltr'><strong>rei</strong></span> <span class='ocrx_word' id='word_1_139' title='bbox 450 1604 583 1683; x_wconf 84' lang='lat' dir='ltr'><strong>publicae</strong></span> <span class='ocrx_word' id='word_1_140' title='bbox 598 1605 733 1683; x_wconf 87' lang='lat' dir='ltr'><strong>optabant</strong></span> <span class='ocrx_word' id='word_1_141' title='bbox 747 1604 962 1684; x_wconf 79' lang='lat' dir='ltr'><strong>faciebantque:</strong></span> <span class='ocrx_word' id='word_1_142' title='bbox 981 1606 1033 1666; x_wconf 88' lang='lat' dir='ltr'><strong>tibi</strong></span> <span class='ocrx_word' id='word_1_143' title='bbox 1047 1623 1092 1667; x_wconf 88' lang='lat' dir='ltr'><strong>sa·</strong></span> 
     </span>
     <span class='ocr_line' id='line_1_17' title="bbox 87 1686 1093 1766; baseline -0.001 -19"><span class='ocrx_word' id='word_1_144' title='bbox 87 1687 135 1748; x_wconf 91' lang='lat' dir='ltr'><strong>ius</strong></span> <span class='ocrx_word' id='word_1_145' title='bbox 150 1695 196 1748; x_wconf 90' lang='lat' dir='ltr'><strong>tua</strong></span> <span class='ocrx_word' id='word_1_146' title='bbox 212 1689 375 1765; x_wconf 83' lang='lat' dir='ltr'><strong>iuvissent,</strong></span> <span class='ocrx_word' id='word_1_147' title='bbox 392 1690 416 1748; x_wconf 89' lang='lat' dir='ltr'><strong>si</strong></span> <span class='ocrx_word' id='word_1_148' title='bbox 431 1705 488 1748; x_wconf 93' lang='lat' dir='ltr'><strong>nou</strong></span> <span class='ocrx_word' id='word_1_149' title='bbox 503 1690 540 1750; x_wconf 93' lang='lat' dir='ltr'><strong>sit</strong></span> <span class='ocrx_word' id='word_1_150' title='bbox 552 1705 617 1747; x_wconf 91' lang='lat' dir='ltr'><strong>cum</strong></span> <span class='ocrx_word' id='word_1_151' title='bbox 628 1687 814 1766; x_wconf 88' lang='lat' dir='ltr'><strong>reipublicae</strong></span> <span class='ocrx_word' id='word_1_152' title='bbox 825 1686 917 1748; x_wconf 87' lang='lat' dir='ltr'><strong>salute</strong></span> <span class='ocrx_word' id='word_1_153' title='bbox 932 1690 1093 1748; x_wconf 87' lang='lat' dir='ltr'><strong>coniuncta.</strong></span> 
     </span>
     <span class='ocr_line' id='line_1_18' title="bbox 86 1769 1092 1850; baseline 0.001 -20"><span class='ocrx_word' id='word_1_154' title='bbox 86 1769 164 1831; x_wconf 84' lang='lat' dir='ltr'><strong>Nihil</strong></span> <span class='ocrx_word' id='word_1_155' title='bbox 182 1788 234 1849; x_wconf 92' lang='lat' dir='ltr'><strong>pro</strong></span> <span class='ocrx_word' id='word_1_156' title='bbox 248 1779 278 1832; x_wconf 92' lang='lat' dir='ltr'><strong>te</strong></span> <span class='ocrx_word' id='word_1_157' title='bbox 292 1772 401 1850; x_wconf 91' lang='lat' dir='ltr'><strong>pateris</strong></span> <span class='ocrx_word' id='word_1_158' title='bbox 415 1774 524 1850; x_wconf 91' lang='lat' dir='ltr'><strong>optari,</strong></span> <span class='ocrx_word' id='word_1_159' title='bbox 539 1771 592 1831; x_wconf 91' lang='lat' dir='ltr'><strong>uisi</strong></span> <span class='ocrx_word' id='word_1_160' title='bbox 607 1769 740 1849; x_wconf 83' lang='lat' dir='ltr'><strong>expediat</strong></span> <span class='ocrx_word' id='word_1_161' title='bbox 754 1772 933 1849; x_wconf 86' lang='lat' dir='ltr'><strong>optantibus,</strong></span> <span class='ocrx_word' id='word_1_162' title='bbox 949 1772 1092 1831; x_wconf 89' lang='lat' dir='ltr'><strong>omnibus·</strong></span> 
     </span>
     <span class='ocr_line' id='line_1_19' title="bbox 87 1853 1094 1934; baseline 0 -20"><span class='ocrx_word' id='word_1_163' title='bbox 87 1872 146 1934; x_wconf 91' lang='lat' dir='ltr'><strong>que</strong></span> <span class='ocrx_word' id='word_1_164' title='bbox 161 1855 240 1915; x_wconf 88' lang='lat' dir='ltr'><strong>annis</strong></span> <span class='ocrx_word' id='word_1_165' title='bbox 254 1857 283 1914; x_wconf 89' lang='lat' dir='ltr'><strong>iu</strong></span> <span class='ocrx_word' id='word_1_166' title='bbox 297 1853 446 1915; x_wconf 88' lang='lat' dir='ltr'><strong>consilium</strong></span> <span class='ocrx_word' id='word_1_167' title='bbox 460 1854 496 1915; x_wconf 90' lang='lat' dir='ltr'><strong>de</strong></span> <span class='ocrx_word' id='word_1_168' title='bbox 511 1865 540 1915; x_wconf 91' lang='lat' dir='ltr'><strong>te</strong></span> <span class='ocrx_word' id='word_1_169' title='bbox 554 1854 626 1914; x_wconf 86' lang='lat' dir='ltr'><strong>deos</strong></span> <span class='ocrx_word' id='word_1_170' title='bbox 639 1855 742 1929; x_wconf 85' lang='lat' dir='ltr'><strong>mittis,</strong></span> <span class='ocrx_word' id='word_1_171' title='bbox 764 1855 916 1934; x_wconf 77' lang='lat' dir='ltr'><strong>exigisque</strong></span> <span class='ocrx_word' id='word_1_172' title='bbox 933 1864 964 1916; x_wconf 92' lang='lat' dir='ltr'><strong>ut</strong></span> <span class='ocrx_word' id='word_1_173' title='bbox 978 1864 1094 1915; x_wconf 87' lang='lat' dir='ltr'><strong>senteu-</strong></span> 
     </span>
     <span class='ocr_line' id='line_1_20' title="bbox 87 1936 1095 2024; baseline 0.001 -27"><span class='ocrx_word' id='word_1_174' title='bbox 87 1939 154 2024; x_wconf 82' lang='lat' dir='ltr'><strong>tiam</strong></span> <span class='ocrx_word' id='word_1_175' title='bbox 168 1955 246 1998; x_wconf 87' lang='lat' dir='ltr'><strong>auaro</strong></span> <span class='ocrx_word' id='word_1_176' title='bbox 261 1945 384 2015; x_wconf 90' lang='lat' dir='ltr'><strong>mutent,</strong></span> <span class='ocrx_word' id='word_1_177' title='bbox 401 1939 425 1998; x_wconf 91' lang='lat' dir='ltr'><strong>si</strong></span> <span class='ocrx_word' id='word_1_178' title='bbox 441 1938 505 1999; x_wconf 88' lang='lat' dir='ltr'><strong>talis</strong></span> <span class='ocrx_word' id='word_1_179' title='bbox 520 1955 587 1999; x_wconf 88' lang='lat' dir='ltr'><strong>csse</strong></span> <span class='ocrx_word' id='word_1_180' title='bbox 602 1936 723 1999; x_wconf 89' lang='lat' dir='ltr'><strong>desieris</strong></span> <span class='ocrx_word' id='word_1_181' title='bbox 736 1936 826 2016; x_wconf 88' lang='lat' dir='ltr'><strong>qualis</strong></span> <span class='ocrx_word' id='word_1_182' title='bbox 841 1938 954 2000; x_wconf 88' lang='lat' dir='ltr'><strong>electus</strong></span> <span class='ocrx_word' id='word_1_183' title='bbox 968 1957 1010 1998; x_wconf 89' lang='lat' dir='ltr'><strong>es.</strong></span> <span class='ocrx_word' id='word_1_184' title='bbox 1035 1937 1095 1998; x_wconf 89' lang='lat' dir='ltr'><strong>Sed</strong></span> 
     </span>
     <span class='ocr_line' id='line_1_21' title="bbox 43 2020 1095 2100; baseline -0.002 -16"><span class='ocrx_word' id='word_1_185' title='bbox 43 2033 79 2085; x_wconf 74' lang='grc' dir='ltr'><strong>ιο</strong></span> <span class='ocrx_word' id='word_1_186' title='bbox 89 2023 198 2099; x_wconf 78' lang='lat' dir='ltr'><strong>ingenti</strong></span> <span class='ocrx_word' id='word_1_187' title='bbox 214 2023 407 2098; x_wconf 88' lang='lat' dir='ltr'><strong>conscientia,</strong></span> <span class='ocrx_word' id='word_1_188' title='bbox 424 2021 548 2097; x_wconf 84' lang='lat' dir='ltr'><strong>Caesar,</strong></span> <span class='ocrx_word' id='word_1_189' title='bbox 564 2023 722 2100; x_wconf 86' lang='lat' dir='ltr'><strong>pacisceris</strong></span> <span class='ocrx_word' id='word_1_190' title='bbox 737 2039 801 2082; x_wconf 89' lang='lat' dir='ltr'><strong>cum</strong></span> <span class='ocrx_word' id='word_1_191' title='bbox 817 2020 869 2083; x_wconf 90' lang='lat' dir='ltr'><strong>diis</strong></span> <span class='ocrx_word' id='word_1_192' title='bbox 884 2031 915 2083; x_wconf 92' lang='lat' dir='ltr'><strong>ut</strong></span> <span class='ocrx_word' id='word_1_193' title='bbox 930 2031 977 2099; x_wconf 90' lang='lat' dir='ltr'><strong>te,</strong></span> <span class='ocrx_word' id='word_1_194' title='bbox 995 2023 1020 2081; x_wconf 91' lang='lat' dir='ltr'><strong>ai</strong></span> <span class='ocrx_word' id='word_1_195' title='bbox 1034 2039 1095 2082; x_wconf 93' lang='lat' dir='ltr'><strong>me·</strong></span> 
     </span>
     <span class='ocr_line' id='line_1_22' title="bbox 87 2105 1095 2184; baseline 0 -20"><span class='ocrx_word' id='word_1_196' title='bbox 87 2105 216 2180; x_wconf 83' lang='lat' dir='ltr'><strong>roheria,</strong></span> <span class='ocrx_word' id='word_1_197' title='bbox 232 2113 366 2182; x_wconf 88' lang='lat' dir='ltr'><strong>servent,</strong></span> <span class='ocrx_word' id='word_1_198' title='bbox 384 2123 448 2164; x_wconf 92' lang='lat' dir='ltr'><strong>cum</strong></span> <span class='ocrx_word' id='word_1_199' title='bbox 464 2107 540 2166; x_wconf 87' lang='lat' dir='ltr'><strong>scias</strong></span> <span class='ocrx_word' id='word_1_200' title='bbox 554 2123 590 2164; x_wconf 90' lang='lat' dir='ltr'><strong>au</strong></span> <span class='ocrx_word' id='word_1_201' title='bbox 602 2105 738 2165; x_wconf 87' lang='lat' dir='ltr'><strong>merearis</strong></span> <span class='ocrx_word' id='word_1_202' title='bbox 752 2107 892 2166; x_wconf 89' lang='lat' dir='ltr'><strong>neminem</strong></span> <span class='ocrx_word' id='word_1_203' title='bbox 906 2107 996 2184; x_wconf 84' lang='lat' dir='ltr'><strong>magis</strong></span> <span class='ocrx_word' id='word_1_204' title='bbox 1011 2121 1095 2184; x_wconf 91' lang='lat' dir='ltr'><strong>quam</strong></span> 
     </span>
     <span class='ocr_line' id='line_1_23' title="bbox 88 2187 1094 2267; baseline 0 -19"><span class='ocrx_word' id='word_1_205' title='bbox 88 2187 161 2250; x_wconf 86' lang='lat' dir='ltr'><strong>deca</strong></span> <span class='ocrx_word' id='word_1_206' title='bbox 183 2190 269 2250; x_wconf 90' lang='lat' dir='ltr'><strong>scire.</strong></span> <span class='ocrx_word' id='word_1_207' title='bbox 301 2187 403 2250; x_wconf 90' lang='lat' dir='ltr'><strong>Nonne</strong></span> <span class='ocrx_word' id='word_1_208' title='bbox 421 2189 522 2265; x_wconf 84' lang='lat' dir='ltr'><strong>vobis,</strong></span> <span class='ocrx_word' id='word_1_209' title='bbox 547 2198 644 2266; x_wconf 89' lang='lat' dir='ltr'><strong>patres</strong></span> <span class='ocrx_word' id='word_1_210' title='bbox 659 2191 832 2267; x_wconf 82' lang='lat' dir='ltr'><strong>conscripti,</strong></span> <span class='ocrx_word' id='word_1_211' title='bbox 855 2189 928 2250; x_wconf 91' lang='lat' dir='ltr'><strong>haec</strong></span> <span class='ocrx_word' id='word_1_212' title='bbox 942 2188 1043 2250; x_wconf 85' lang='lat' dir='ltr'><strong>diebus</strong></span> <span class='ocrx_word' id='word_1_213' title='bbox 1059 2206 1094 2248; x_wconf 90' lang='lat' dir='ltr'><strong>ac</strong></span> 
     </span>
     <span class='ocr_line' id='line_1_24' title="bbox 86 2269 1095 2350; baseline -0.002 -18"><span class='ocrx_word' id='word_1_214' title='bbox 86 2273 221 2334; x_wconf 89' lang='lat' dir='ltr'><strong>noctibus</strong></span> <span class='ocrx_word' id='word_1_215' title='bbox 235 2274 343 2349; x_wconf 90' lang='lat' dir='ltr'><strong>agitare</strong></span> <span class='ocrx_word' id='word_1_216' title='bbox 358 2291 457 2332; x_wconf 88' lang='lat' dir='ltr'><strong>aecum</strong></span> <span class='ocrx_word' id='word_1_217' title='bbox 472 2269 603 2334; x_wconf 82' lang='lat' dir='ltr'><strong>videtur?</strong></span> <span class='ocrx_word' id='word_1_218' title='bbox 626 2276 696 2348; x_wconf 74' lang='lat' dir='ltr'><strong>‘ego</strong></span> <span class='ocrx_word' id='word_1_219' title='bbox 711 2271 824 2350; x_wconf 89' lang='lat' dir='ltr'><strong>quidem</strong></span> <span class='ocrx_word' id='word_1_220' title='bbox 839 2274 867 2332; x_wconf 94' lang='lat' dir='ltr'><strong>in</strong></span> <span class='ocrx_word' id='word_1_221' title='bbox 880 2290 942 2348; x_wconf 89' lang='lat' dir='ltr'><strong>me,</strong></span> <span class='ocrx_word' id='word_1_222' title='bbox 965 2275 989 2333; x_wconf 92' lang='lat' dir='ltr'><strong>si</strong></span> <span class='ocrx_word' id='word_1_223' title='bbox 1008 2274 1095 2330; x_wconf 91' lang='lat' dir='ltr'><strong>omni·</strong></span> 
     </span>
     <span class='ocr_line' id='line_1_25' title="bbox 87 2353 1095 2434; baseline 0 -20"><span class='ocrx_word' id='word_1_224' title='bbox 87 2374 135 2416; x_wconf 90' lang='lat' dir='ltr'><strong>um</strong></span> <span class='ocrx_word' id='word_1_225' title='bbox 155 2355 260 2416; x_wconf 90' lang='lat' dir='ltr'><strong>utilitas</strong></span> <span class='ocrx_word' id='word_1_226' title='bbox 281 2357 319 2415; x_wconf 91' lang='lat' dir='ltr'><strong>ita</strong></span> <span class='ocrx_word' id='word_1_227' title='bbox 338 2365 493 2434; x_wconf 86' lang='lat' dir='ltr'><strong>posceret,</strong></span> <span class='ocrx_word' id='word_1_228' title='bbox 520 2355 604 2416; x_wconf 90' lang='lat' dir='ltr'><strong>etiam</strong></span> <span class='ocrx_word' id='word_1_229' title='bbox 619 2354 758 2433; x_wconf 80' lang='lat' dir='ltr'><strong>praetecti</strong></span> <span class='ocrx_word' id='word_1_230' title='bbox 772 2371 883 2416; x_wconf 87' lang='lat' dir='ltr'><strong>manum</strong></span> <span class='ocrx_word' id='word_1_231' title='bbox 897 2357 1017 2414; x_wconf 81' lang='lat' dir='ltr'><strong>armavi:</strong></span> <span class='ocrx_word' id='word_1_232' title='bbox 1041 2353 1095 2414; x_wconf 89' lang='lat' dir='ltr'><strong>sed</strong></span> 
     </span>
     <span class='ocr_line' id='line_1_26' title="bbox 43 2436 1095 2516; baseline -0.007 -14"><span class='ocrx_word' id='word_1_233' title='bbox 43 2450 79 2503; x_wconf 74' lang='lat' dir='ltr'><strong>ui</strong></span> <span class='ocrx_word' id='word_1_234' title='bbox 87 2458 125 2499; x_wconf 89' lang='lat' dir='ltr'><strong>ue</strong></span> <span class='ocrx_word' id='word_1_235' title='bbox 140 2438 258 2499; x_wconf 89' lang='lat' dir='ltr'><strong>deorum</strong></span> <span class='ocrx_word' id='word_1_236' title='bbox 273 2438 386 2516; x_wconf 88' lang='lat' dir='ltr'><strong>quidem</strong></span> <span class='ocrx_word' id='word_1_237' title='bbox 398 2449 444 2500; x_wconf 91' lang='lat' dir='ltr'><strong>aut</strong></span> <span class='ocrx_word' id='word_1_238' title='bbox 456 2439 524 2499; x_wconf 88' lang='lat' dir='ltr'><strong>iram</strong></span> <span class='ocrx_word' id='word_1_239' title='bbox 534 2448 581 2499; x_wconf 90' lang='lat' dir='ltr'><strong>aut</strong></span> <span class='ocrx_word' id='word_1_240' title='bbox 591 2436 802 2515; x_wconf 87' lang='lat' dir='ltr'><strong>neglegentium</strong></span> <span class='ocrx_word' id='word_1_241' title='bbox 814 2438 971 2516; x_wconf 91' lang='lat' dir='ltr'><strong>deprecor;</strong></span> <span class='ocrx_word' id='word_1_242' title='bbox 986 2453 1095 2516; x_wconf 89' lang='lat' dir='ltr'><strong>quaeso</strong></span> 
     </span>
     <span class='ocr_line' id='line_1_27' title="bbox 87 2520 1095 2601; baseline -0.002 -19"><span class='ocrx_word' id='word_1_243' title='bbox 87 2525 173 2583; x_wconf 91' lang='lat' dir='ltr'><strong>immo</strong></span> <span class='ocrx_word' id='word_1_244' title='bbox 192 2531 222 2583; x_wconf 92' lang='lat' dir='ltr'><strong>et</strong></span> <span class='ocrx_word' id='word_1_245' title='bbox 245 2523 376 2583; x_wconf 84' lang='lat' dir='ltr'><strong>obtestor</strong></span> <span class='ocrx_word' id='word_1_246' title='bbox 395 2542 431 2584; x_wconf 90' lang='lat' dir='ltr'><strong>ne</strong></span> <span class='ocrx_word' id='word_1_247' title='bbox 451 2539 581 2601; x_wconf 92' lang='lat' dir='ltr'><strong>umquam</strong></span> <span class='ocrx_word' id='word_1_248' title='bbox 598 2539 652 2601; x_wconf 92' lang='lat' dir='ltr'><strong>pro</strong></span> <span class='ocrx_word' id='word_1_249' title='bbox 672 2541 718 2582; x_wconf 89' lang='lat' dir='ltr'><strong>me</strong></span> <span class='ocrx_word' id='word_1_250' title='bbox 733 2531 799 2581; x_wconf 89' lang='lat' dir='ltr'><strong>vota</strong></span> <span class='ocrx_word' id='word_1_251' title='bbox 815 2540 865 2582; x_wconf 89' lang='lat' dir='ltr'><strong>res</strong></span> <span class='ocrx_word' id='word_1_252' title='bbox 881 2520 995 2600; x_wconf 87' lang='lat' dir='ltr'><strong>publica</strong></span> <span class='ocrx_word' id='word_1_253' title='bbox 1010 2523 1095 2581; x_wconf 88' lang='lat' dir='ltr'><strong>inrita</strong></span> 
     </span>
     <span class='ocr_line' id='line_1_28' title="bbox 89 2603 1147 2686; baseline -0.005 -19"><span class='ocrx_word' id='word_1_254' title='bbox 89 2607 243 2685; x_wconf 90' lang='lat' dir='ltr'><strong>suscipiat,</strong></span> <span class='ocrx_word' id='word_1_255' title='bbox 270 2615 318 2668; x_wconf 90' lang='lat' dir='ltr'><strong>aut</strong></span> <span class='ocrx_word' id='word_1_256' title='bbox 338 2608 363 2668; x_wconf 91' lang='lat' dir='ltr'><strong>si</strong></span> <span class='ocrx_word' id='word_1_257' title='bbox 381 2608 543 2686; x_wconf 86' lang='lat' dir='ltr'><strong>susceperit</strong></span> <span class='ocrx_word' id='word_1_258' title='bbox 558 2607 662 2681; x_wconf 83' lang='lat' dir='ltr'><strong>invita,</strong></span> <span class='ocrx_word' id='word_1_259' title='bbox 687 2623 724 2664; x_wconf 90' lang='lat' dir='ltr'><strong>ne</strong></span> <span class='ocrx_word' id='word_1_260' title='bbox 739 2604 865 2666; x_wconf 88' lang='lat' dir='ltr'><strong>debeat’.</strong></span> <span class='ocrx_word' id='word_1_261' title='bbox 898 2603 987 2682; x_wconf 81' lang='lat' dir='ltr'><strong>capis</strong></span> <span class='ocrx_word' id='word_1_262' title='bbox 1010 2620 1092 2682; x_wconf 91' lang='lat' dir='ltr'><strong>ergo,</strong></span> <span class='ocrx_word' id='word_1_263' title='bbox 1105 2613 1147 2679; x_wconf 72' lang='grc'><strong>68</strong></span> 
     </span>
     <span class='ocr_line' id='line_1_29' title="bbox 90 2687 1093 2768; baseline -0.004 -18"><span class='ocrx_word' id='word_1_264' title='bbox 90 2687 215 2765; x_wconf 80' lang='lat' dir='ltr'><strong>Caeam,</strong></span> <span class='ocrx_word' id='word_1_265' title='bbox 230 2689 329 2750; x_wconf 88' lang='lat' dir='ltr'><strong>salutis</strong></span> <span class='ocrx_word' id='word_1_266' title='bbox 344 2698 409 2751; x_wconf 90' lang='lat' dir='ltr'><strong>tuae</strong></span> <span class='ocrx_word' id='word_1_267' title='bbox 426 2689 663 2768; x_wconf 82' lang='lat' dir='ltr'><strong>gloriosissimum</strong></span> <span class='ocrx_word' id='word_1_268' title='bbox 677 2687 799 2749; x_wconf 84' lang='lat' dir='ltr'><strong>fructum</strong></span> <span class='ocrx_word' id='word_1_269' title='bbox 813 2706 851 2749; x_wconf 84' lang='lat' dir='ltr'><strong>ex</strong></span> <span class='ocrx_word' id='word_1_270' title='bbox 866 2705 1009 2749; x_wconf 88' lang='lat' dir='ltr'><strong>consensu</strong></span> <span class='ocrx_word' id='word_1_271' title='bbox 1025 2687 1093 2748; x_wconf 91' lang='lat' dir='ltr'><strong>deo·</strong></span> 
     </span>
     <span class='ocr_line' id='line_1_30' title="bbox 88 2771 1097 2852; baseline -0.003 -19"><span class='ocrx_word' id='word_1_272' title='bbox 88 2791 161 2833; x_wconf 88' lang='lat' dir='ltr'><strong>rum.</strong></span> <span class='ocrx_word' id='word_1_273' title='bbox 187 2771 257 2832; x_wconf 91' lang='lat' dir='ltr'><strong>Nam</strong></span> <span class='ocrx_word' id='word_1_274' title='bbox 276 2791 340 2833; x_wconf 91' lang='lat' dir='ltr'><strong>cum</strong></span> <span class='ocrx_word' id='word_1_275' title='bbox 357 2775 485 2852; x_wconf 83' lang='lat' dir='ltr'><strong>excipias</strong></span> <span class='ocrx_word' id='word_1_276' title='bbox 501 2780 532 2832; x_wconf 91' lang='lat' dir='ltr'><strong>ut</strong></span> <span class='ocrx_word' id='word_1_277' title='bbox 547 2773 586 2833; x_wconf 89' lang='lat' dir='ltr'><strong>ita</strong></span> <span class='ocrx_word' id='word_1_278' title='bbox 601 2772 712 2832; x_wconf 88' lang='lat' dir='ltr'><strong>demum</strong></span> <span class='ocrx_word' id='word_1_279' title='bbox 725 2780 755 2832; x_wconf 89' lang='lat' dir='ltr'><strong>te</strong></span> <span class='ocrx_word' id='word_1_280' title='bbox 770 2772 807 2831; x_wconf 92' lang='lat' dir='ltr'><strong>dii</strong></span> <span class='ocrx_word' id='word_1_281' title='bbox 822 2781 956 2849; x_wconf 88' lang='lat' dir='ltr'><strong>servent,</strong></span> <span class='ocrx_word' id='word_1_282' title='bbox 979 2773 1004 2832; x_wconf 88' lang='lat' dir='ltr'><strong>si</strong></span> <span class='ocrx_word' id='word_1_283' title='bbox 1022 2772 1097 2831; x_wconf 89' lang='lat' dir='ltr'><strong>beno</strong></span> 
     </span>
     <span class='ocr_line' id='line_1_31' title="bbox 44 2854 1097 2934; baseline -0.007 -14"><span class='ocrx_word' id='word_1_284' title='bbox 44 2867 150 2920; x_wconf 73' lang='lat' dir='ltr'><strong>dorem</strong></span> <span class='ocrx_word' id='word_1_285' title='bbox 165 2855 308 2934; x_wconf 88' lang='lat' dir='ltr'><strong>publicam</strong></span> <span class='ocrx_word' id='word_1_286' title='bbox 320 2865 350 2917; x_wconf 90' lang='lat' dir='ltr'><strong>et</strong></span> <span class='ocrx_word' id='word_1_287' title='bbox 365 2875 403 2918; x_wconf 85' lang='lat' dir='ltr'><strong>ex</strong></span> <span class='ocrx_word' id='word_1_288' title='bbox 417 2856 538 2918; x_wconf 89' lang='lat' dir='ltr'><strong>utilitate</strong></span> <span class='ocrx_word' id='word_1_289' title='bbox 549 2857 671 2916; x_wconf 92' lang='lat' dir='ltr'><strong>omnium</strong></span> <span class='ocrx_word' id='word_1_290' title='bbox 684 2857 811 2933; x_wconf 83' lang='lat' dir='ltr'><strong>rexeris,</strong></span> <span class='ocrx_word' id='word_1_291' title='bbox 828 2864 924 2916; x_wconf 89' lang='lat' dir='ltr'><strong>certus</strong></span> <span class='ocrx_word' id='word_1_292' title='bbox 935 2874 968 2916; x_wconf 84' lang='lat' dir='ltr'><strong>es</strong></span> <span class='ocrx_word' id='word_1_293' title='bbox 982 2865 1010 2915; x_wconf 91' lang='lat' dir='ltr'><strong>te</strong></span> <span class='ocrx_word' id='word_1_294' title='bbox 1022 2854 1097 2916; x_wconf 89' lang='lat' dir='ltr'><strong>bene</strong></span> 
     </span>
     <span class='ocr_line' id='line_1_32' title="bbox 87 2938 1099 3019; baseline -0.002 -20"><span class='ocrx_word' id='word_1_295' title='bbox 87 2939 313 3019; x_wconf 88' lang='lat' dir='ltr'><strong>rempublicam</strong></span> <span class='ocrx_word' id='word_1_296' title='bbox 337 2958 459 3018; x_wconf 90' lang='lat' dir='ltr'><strong>regere,</strong></span> <span class='ocrx_word' id='word_1_297' title='bbox 486 2958 550 3001; x_wconf 93' lang='lat' dir='ltr'><strong>cum</strong></span> <span class='ocrx_word' id='word_1_298' title='bbox 570 2948 695 3000; x_wconf 85' lang='lat' dir='ltr'><strong>servent.</strong></span> <span class='ocrx_word' id='word_1_299' title='bbox 734 2938 833 3018; x_wconf 91' lang='lat' dir='ltr'><strong>ltaque</strong></span> <span class='ocrx_word' id='word_1_300' title='bbox 855 2957 975 3000; x_wconf 91' lang='lat' dir='ltr'><strong>securus</strong></span> <span class='ocrx_word' id='word_1_301' title='bbox 995 2940 1046 3000; x_wconf 89' lang='lat' dir='ltr'><strong>tibi</strong></span> <span class='ocrx_word' id='word_1_302' title='bbox 1068 2945 1099 2998; x_wconf 89' lang='lat' dir='ltr'><strong>et</strong></span> 
     </span>
     <span class='ocr_line' id='line_1_33' title="bbox 88 3022 1097 3104; baseline -0.002 -21"><span class='ocrx_word' id='word_1_303' title='bbox 88 3022 184 3084; x_wconf 89' lang='lat' dir='ltr'><strong>iaetus</strong></span> <span class='ocrx_word' id='word_1_304' title='bbox 203 3023 265 3086; x_wconf 87' lang='lat' dir='ltr'><strong>dies</strong></span> <span class='ocrx_word' id='word_1_305' title='bbox 287 3026 363 3101; x_wconf 84' lang='lat' dir='ltr'><strong>exit,</strong></span> <span class='ocrx_word' id='word_1_306' title='bbox 386 3027 434 3104; x_wconf 94' lang='lat' dir='ltr'><strong>qui</strong></span> <span class='ocrx_word' id='word_1_307' title='bbox 454 3026 601 3104; x_wconf 88' lang='lat' dir='ltr'><strong>principes</strong></span> <span class='ocrx_word' id='word_1_308' title='bbox 621 3022 693 3084; x_wconf 85' lang='lat' dir='ltr'><strong>aiios</strong></span> <span class='ocrx_word' id='word_1_309' title='bbox 715 3040 782 3084; x_wconf 93' lang='lat' dir='ltr'><strong>cura</strong></span> <span class='ocrx_word' id='word_1_310' title='bbox 796 3034 826 3084; x_wconf 90' lang='grc' dir='ltr'><strong>ιι</strong></span> <span class='ocrx_word' id='word_1_311' title='bbox 841 3034 919 3084; x_wconf 90' lang='lat' dir='ltr'><strong>metu</strong></span> <span class='ocrx_word' id='word_1_312' title='bbox 934 3022 1097 3096; x_wconf 89' lang='lat' dir='ltr'><strong>distinebat,</strong></span> 
     </span>
     <span class='ocr_line' id='line_1_34' title="bbox 90 3103 1098 3187; baseline -0.005 -20"><span class='ocrx_word' id='word_1_313' title='bbox 90 3125 154 3167; x_wconf 92' lang='lat' dir='ltr'><strong>cum</strong></span> <span class='ocrx_word' id='word_1_314' title='bbox 170 3109 304 3186; x_wconf 88' lang='lat' dir='ltr'><strong>suspensi</strong></span> <span class='ocrx_word' id='word_1_315' title='bbox 318 3117 349 3168; x_wconf 91' lang='lat' dir='ltr'><strong>et</strong></span> <span class='ocrx_word' id='word_1_316' title='bbox 359 3109 469 3170; x_wconf 90' lang='lat' dir='ltr'><strong>attoniti</strong></span> <span class='ocrx_word' id='word_1_317' title='bbox 481 3125 636 3187; x_wconf 86' lang='lat' dir='ltr'><strong>parumque</strong></span> <span class='ocrx_word' id='word_1_318' title='bbox 649 3107 749 3168; x_wconf 83' lang='lat' dir='ltr'><strong>contisi</strong></span> <span class='ocrx_word' id='word_1_319' title='bbox 760 3109 895 3184; x_wconf 88' lang='lat' dir='ltr'><strong>patientie</strong></span> <span class='ocrx_word' id='word_1_320' title='bbox 909 3115 1016 3179; x_wconf 86' lang='lat' dir='ltr'><strong>nostra,</strong></span> <span class='ocrx_word' id='word_1_321' title='bbox 1032 3103 1098 3163; x_wconf 78' lang='lat' dir='ltr'><strong>irinc</strong></span> 
     </span>
     <span class='ocr_line' id='line_1_35' title="bbox 88 3186 1098 3270; baseline -0.003 -19"><span class='ocrx_word' id='word_1_322' title='bbox 88 3201 176 3270; x_wconf 89' lang='lat' dir='ltr'><strong>atquc</strong></span> <span class='ocrx_word' id='word_1_323' title='bbox 190 3191 256 3252; x_wconf 90' lang='lat' dir='ltr'><strong>iude</strong></span> <span class='ocrx_word' id='word_1_324' title='bbox 270 3190 403 3270; x_wconf 89' lang='lat' dir='ltr'><strong>publicae</strong></span> <span class='ocrx_word' id='word_1_325' title='bbox 419 3194 564 3254; x_wconf 81' lang='lat' dir='ltr'><strong>servitutis</strong></span> <span class='ocrx_word' id='word_1_326' title='bbox 576 3193 689 3251; x_wconf 90' lang='lat' dir='ltr'><strong>nuntios</strong></span> <span class='ocrx_word' id='word_1_327' title='bbox 701 3199 898 3268; x_wconf 82' lang='lat' dir='ltr'><strong>expectarent.</strong></span> <span class='ocrx_word' id='word_1_328' title='bbox 923 3189 969 3248; x_wconf 83' lang='lat' dir='ltr'><strong>Ac</strong></span> <span class='ocrx_word' id='word_1_329' title='bbox 984 3188 1010 3246; x_wconf 91' lang='lat' dir='ltr'><strong>si</strong></span> <span class='ocrx_word' id='word_1_330' title='bbox 1024 3186 1098 3248; x_wconf 84' lang='lat' dir='ltr'><strong>forte</strong></span> 
     </span>
     <span class='ocr_line' id='line_1_36' title="bbox 44 3268 1098 3355; baseline -0.006 -19"><span class='ocrx_word' id='word_1_331' title='bbox 44 3281 80 3336; x_wconf 77' lang='lat'><strong>35</strong></span> <span class='ocrx_word' id='word_1_332' title='bbox 89 3275 203 3354; x_wconf 86' lang='lat' dir='ltr'><strong>aliquos</strong></span> <span class='ocrx_word' id='word_1_333' title='bbox 214 3275 327 3336; x_wconf 81' lang='lat' dir='ltr'><strong>flumina</strong></span> <span class='ocrx_word' id='word_1_334' title='bbox 340 3277 422 3337; x_wconf 89' lang='lat' dir='ltr'><strong>nives</strong></span> <span class='ocrx_word' id='word_1_335' title='bbox 433 3278 511 3336; x_wconf 85' lang='lat' dir='ltr'><strong>renti</strong></span> <span class='ocrx_word' id='word_1_336' title='bbox 526 3274 761 3355; x_wconf 87' lang='lat' dir='ltr'><strong>praepedissent,</strong></span> <span class='ocrx_word' id='word_1_337' title='bbox 777 3274 871 3332; x_wconf 89' lang='lat' dir='ltr'><strong>atatim</strong></span> <span class='ocrx_word' id='word_1_338' title='bbox 882 3271 939 3332; x_wconf 90' lang='lat' dir='ltr'><strong>hoe</strong></span> <span class='ocrx_word' id='word_1_339' title='bbox 949 3268 1019 3330; x_wconf 90' lang='lat' dir='ltr'><strong>iilud</strong></span> <span class='ocrx_word' id='word_1_340' title='bbox 1030 3288 1098 3330; x_wconf 88' lang='lat' dir='ltr'><strong>esse</strong></span> 
     </span>
     <span class='ocr_line' id='line_1_37' title="bbox 90 3354 1098 3437; baseline -0.004 -19"><span class='ocrx_word' id='word_1_341' title='bbox 90 3358 247 3420; x_wconf 87' lang='lat' dir='ltr'><strong>credebant</strong></span> <span class='ocrx_word' id='word_1_342' title='bbox 264 3358 342 3437; x_wconf 89' lang='lat' dir='ltr'><strong>quod</strong></span> <span class='ocrx_word' id='word_1_343' title='bbox 352 3359 547 3426; x_wconf 83' lang='lat' dir='ltr'><strong>merebuntur;</strong></span> <span class='ocrx_word' id='word_1_344' title='bbox 561 3376 617 3418; x_wconf 91' lang='lat' dir='ltr'><strong>nec</strong></span> <span class='ocrx_word' id='word_1_345' title='bbox 633 3367 693 3418; x_wconf 88' lang='lat' dir='ltr'><strong>crat</strong></span> <span class='ocrx_word' id='word_1_346' title='bbox 706 3356 857 3417; x_wconf 86' lang='lat' dir='ltr'><strong>discrimen</strong></span> <span class='ocrx_word' id='word_1_347' title='bbox 871 3354 959 3416; x_wconf 87' lang='lat' dir='ltr'><strong>ullum</strong></span> <span class='ocrx_word' id='word_1_348' title='bbox 970 3355 1098 3432; x_wconf 87' lang='lat' dir='ltr'><strong>pavoris,</strong></span> 
     </span>
     <span class='ocr_line' id='line_1_38' title="bbox 89 3438 1203 3521; baseline -0.007 -19"><span class='ocrx_word' id='word_1_349' title='bbox 89 3452 244 3521; x_wconf 89' lang='lat' dir='ltr'><strong>propterea</strong></span> <span class='ocrx_word' id='word_1_350' title='bbox 260 3442 355 3521; x_wconf 86' lang='lat' dir='ltr'><strong>quod,</strong></span> <span class='ocrx_word' id='word_1_351' title='bbox 378 3459 443 3504; x_wconf 90' lang='lat' dir='ltr'><strong>cum</strong></span> <span class='ocrx_word' id='word_1_352' title='bbox 466 3461 481 3502; x_wconf 96' lang='grc' dir='ltr'><strong>ι</strong></span> <span class='ocrx_word' id='word_1_353' title='bbox 503 3441 578 3502; x_wconf 91' lang='lat' dir='ltr'><strong>malo</strong></span> <span class='ocrx_word' id='word_1_354' title='bbox 593 3443 724 3520; x_wconf 90' lang='lat' dir='ltr'><strong>principe</strong></span> <span class='ocrx_word' id='word_1_355' title='bbox 739 3448 879 3518; x_wconf 90' lang='lat' dir='ltr'><strong>tamquam</strong></span> <span class='ocrx_word' id='word_1_356' title='bbox 893 3453 1050 3500; x_wconf 89' lang='lat' dir='ltr'><strong>successor</strong></span> <span class='ocrx_word' id='word_1_357' title='bbox 1065 3438 1100 3496; x_wconf 90' lang='lat' dir='ltr'><strong>ti·</strong></span> <span class='ocrx_word' id='word_1_358' title='bbox 1197 3443 1203 3456; x_wconf 89' lang='lat'>·</span> 
     </span>
     <span class='ocr_line' id='line_1_39' title="bbox 88 3522 1101 3606; baseline -0.002 -22"><span class='ocrx_word' id='word_1_359' title='bbox 88 3536 199 3588; x_wconf 91' lang='lat' dir='ltr'><strong>meatur</strong></span> <span class='ocrx_word' id='word_1_360' title='bbox 210 3527 340 3606; x_wconf 88' lang='lat' dir='ltr'><strong>quisquis</strong></span> <span class='ocrx_word' id='word_1_361' title='bbox 355 3536 400 3588; x_wconf 91' lang='lat' dir='ltr'><strong>est</strong></span> <span class='ocrx_word' id='word_1_362' title='bbox 414 3525 544 3604; x_wconf 78' lang='lat' dir='ltr'><strong>dignior,</strong></span> <span class='ocrx_word' id='word_1_363' title='bbox 560 3543 624 3586; x_wconf 91' lang='lat' dir='ltr'><strong>cum</strong></span> <span class='ocrx_word' id='word_1_364' title='bbox 638 3527 675 3586; x_wconf 89' lang='lat' dir='ltr'><strong>ait</strong></span> <span class='ocrx_word' id='word_1_365' title='bbox 688 3539 771 3584; x_wconf 90' lang='lat' dir='ltr'><strong>nemo</strong></span> <span class='ocrx_word' id='word_1_366' title='bbox 786 3541 842 3584; x_wconf 89' lang='lat' dir='ltr'><strong>uon</strong></span> <span class='ocrx_word' id='word_1_367' title='bbox 857 3522 985 3602; x_wconf 89' lang='lat' dir='ltr'><strong>dignior,</strong></span> <span class='ocrx_word' id='word_1_368' title='bbox 1001 3536 1101 3582; x_wconf 91' lang='lat' dir='ltr'><strong>omues</strong></span> 
     </span>
    </p>
   </div>
   <div class='ocr_carea' id='block_1_3' title="bbox 0 0 1315 4104">
    <p class='ocr_par' dir='ltr' id='par_1_3' title="bbox 0 0 1315 4104">
     <span class='ocr_line' id='line_1_40' title="bbox 0 0 1315 4104; baseline 0 0"><span class='ocrx_word' id='word_1_369' title='bbox 0 0 1315 4104; x_wconf 95' lang='lat' dir='ltr'><strong> </strong></span> 
     </span>
    </p>
   </div>
  </div>
 </body>
</html>
