2616 4096
192 240 253 304 188
615 240 648 304 (I.
670 241 767 303 PLINI

192 392 319 472 profero,
339 394 507 473 praesertim
517 393 591 473 apud
605 402 646 471 te,
663 396 710 472 qui
722 411 776 454 nec
791 393 878 455 ullius
891 395 1002 455 invides
1018 393 1145 454 laudibus
1161 402 1188 453 et

192 477 273 538 iares
288 479 402 540 nostris.
435 475 516 537 Vale.

450 706 478 757 o.
496 706 621 760 rnrurus
633 608 811 760 {IXIIIIIluo
830 705 891 757 suo
911 705 937 761 s,
1197 735 1210 787 5

169 819 181 870 l
254 810 333 870 Bene
348 809 444 870 fecisti
465 809 542 887 quod
562 811 695 872 llbertum
709 810 859 889 aliquando
876 810 925 870 tibi
943 826 1039 868 carum
1052 808 1188 870 reducen-

192 893 269 954 tibus
287 891 420 972 epistulis
441 895 513 954 meis
527 893 558 953 in’
573 893 701 972 domum,
724 896 887 954 inanimum
905 895 1050 972 recepisti.
1083 892 1189 953 Iuvabit

191 976 248 1036 hoo
262 985 308 1037 te:
322 995 368 1036 me
380 986 459 1038 certe
471 979 560 1047 iuuat;
579 981 709 1057 palmum,
725 979 802 1057 quod
813 986 842 1037 te
853 987 907 1036 tam
918 975 1097 1036 tractabilem
1108 976 1188 1035 video

192 1067 222 1118 ut
236 1060 265 1118 ln
279 1061 319 1119 ira
335 1061 398 1138 regi
414 1063 528 1140 possis,
550 1061 670 1139 deiude,
693 1063 771 1141 quod
785 1071 888 1121 tantum
901 1061 969 1119 milri
984 1060 1085 1120 tribuis
1100 1069 1132 1120 nt
1145 1057 1189 1118 vel

192 1145 350 1204 auctoritati
366 1162 446 1205 meac
459 1163 560 1224 pareas
573 1146 621 1206 vel
637 1146 770 1224 precibus
784 1144 942 1222 indulgeas.
962 1141 1051 1222 Igitur
1064 1143 1149 1203 laudo
1163 1146 1223 1202 etlb

193 1229 297 1304 gratias
313 1245 378 1306 ago.
401 1227 488 1288 Simul
502 1231 531 1288 iu
546 1238 692 1308 posterum
706 1246 809 1290 moneo
823 1238 854 1289 ιιι
867 1238 896 1288 te
911 1227 1056 1288 umoribus
1070 1236 1189 1302 tuorum,

194 1312 249 1372 etsi
263 1330 319 1371 non
332 1313 417 1373 luerit
428 1314 477 1391 qui
492 1313 674 1392 deprecetur,
690 1312 860 1393 placabilem
875 1320 1016 1390 praestes.
1048 1311 1134 1372 Vale.

646 1446 735 1507 XXV.

444 1544 472 1596 0.
489 1545 614 1597 PLINIUS
631 1545 815 1598 ΜΑΜΠᾸΑΝΟ
832 1543 893 1596 SUO
912 1543 937 1594 S.
1199 1567 1222 1618 ,5

131 1687 135 1694 -
171 1658 183 1708 l
255 1644 391 1719 Quereris
413 1647 551 1709 deturba
575 1651 759 1709 castrensium
781 1648 978 1725 negotiorum,
1002 1655 1032 1705 et
1057 1655 1190 1724 tamquam

195 1745 303 1790 summo
319 1731 377 1790 otio
398 1732 562 1808 perfruam,
587 1731 667 1792 lusus
686 1741 715 1793 et
728 1733 850 1810 ineptias
865 1740 978 1791 nostras
992 1730 1086 1808 logis,
1108 1746 1190 1804 amas,

195 1812 322 1890 flagitas,
346 1831 449 1893 meque
468 1815 503 1875 ad
523 1814 624 1875 similia
644 1815 791 1876 condenda
809 1833 866 1876 non
888 1814 1073 1875 mediocriter
1084 1816 1190 1874 incitas.

168 1894 305 1975 blnoipio
320 1898 394 1955 enim
415 1915 451 1957 ex
472 1898 528 1958 hoc
548 1916 655 1975 genere
676 1899 830 1960 studiorum
849 1916 906 1959 non
921 1897 1013 1958 solum
1028 1896 1191 1957 oblectatio·

193 1996 258 2038 nem
272 1997 371 2038 verum
388 1981 471 2040 ctiam
487 1981 605 2058 gloriam
620 1991 721 2061 petere
736 1992 802 2064 post
817 1984 950 2044 iudicium
961 1991 1048 2058 tuum,
1067 1983 1122 2040 viri
1132 1987 1225 2058 gra-lb

167 2063 318 2137 balsami,
337 2062 535 2142 eruditissimi,
551 2083 586 2125 ac
602 2084 689 2145 super
703 2069 757 2127 ista
772 2068 923 2128 verissimi.
942 2064 1024 2125 Nunc
1039 2083 1084 2124 me
1100 2080 1191 2124 rernm

194 2153 274 2206 actus
293 2145 407 2207 modice
429 2147 480 2207 sed
499 2158 593 2209 tamen
613 2150 779 2227 destringit;
800 2157 857 2228 quo
879 2151 956 2210 linito
971 2147 1075 2227 aliquid
1095 2165 1190 2208 earun-

195 2230 258 2290 dem
280 2227 463 2291 Camenarum
483 2234 512 2292 In
534 2233 617 2292 istum
638 2233 869 2312 benIgnissimum
889 2235 980 2293 alnum
998 2234 1114 2292 mittam.
1152 2228 1191 2288 'Iu

193 2314 368 2393 passerculis
390 2325 420 2376 et
442 2314 611 2377 columbulis
630 2319 735 2378 nostris
756 2320 831 2378 Inter
852 2316 960 2396 aquilas
980 2325 1091 2376 vestras
1114 2314 1191 2375 dabis

193 2415 312 2477 pennas,
330 2400 354 2459 si
369 2407 462 2458 tamen
478 2410 507 2460 et
520 2400 575 2460 sibi
592 2409 621 2460 et
634 2401 685 2460 tibi
697 2400 866 2479 placebunt:
880 2402 905 2461 si
921 2409 1026 2462 tantum
1043 2400 1110 2477 sibi,
1128 2409 1225 2462 con-tt

192 2482 324 2542 tinendos
337 2498 424 2543 cavea
441 2484 545 2545 nidove
561 2484 683 2544 curabis.
713 2484 794 2545 Vale.

640 2617 744 2678 XXVI.

462 2716 488 2769 G.
511 2717 636 2769 PLINIUS
654 2716 800 2770 bornaco
819 2715 922 2770 SUOS.

169 2829 183 2878 1
255 2813 319 2874 Dixi
341 2815 377 2875 de
397 2817 518 2895 quodam
540 2828 652 2880 oratore
673 2819 781 2880 saeculi
802 2821 909 2897 nostri,
931 2827 1013 2880 recto
1034 2817 1150 2897 quidem
1164 2820 1226 2878 otoo

194 2915 275 2975 sano,
290 2898 341 2958 sed
353 2917 450 2978 parum
464 2902 562 2979 grandi
575 2912 603 2963 at
617 2913 726 2981 omato,
739 2913 768 2964 ut
781 2905 891 2982 opinor,
907 2913 974 2982 apte
987 2901 1068 2962 ‘nibil
1079 2909 1190 2981 peccat,

166 2984 246 3046 antri
261 2981 338 3061 quod
354 2983 423 3043 nihiI
438 2993 563 3064 peccat?
584 2986 681 3047 Debet
694 2989 769 3047 enim
785 2997 879 3047 orator
893 2989 976 3064 erigi,
992 2985 1094 3061 attolli,
1109 2988 1191 3045 Inter·

192 3065 258 3125 dum
274 3068 357 3127 etiam
372 3068 584 3148 effervescere,
608 3071 705 3131 elierri
714 3116 722 3147 ,
746 3090 780 3131 ac
802 3088 891 3148 saepe
906 3069 1048 3130 accedere
1064 3070 1099 3130 ad
1113 3086 1191 3148 prae·

193 3168 274 3228 ceps.
296 3150 366 3210 Nam
381 3153 549 3232 plerumque
562 3155 627 3215 altis
640 3163 669 3214 et
680 3154 805 3217 excelsis
821 3154 949 3214 adiacent
962 3153 1094 3231 abrupta:
1107 3153 1190 3212 tutius

193 3251 246 3312 per
256 3234 339 3312 plana
354 3235 407 3296 sed
418 3238 551 3299 humilius
569 3247 598 3298 et
611 3237 777 3316 depressius
792 3241 860 3298 iter:
883 3237 1062 3315 frequentior
1079 3239 1225 3296 curren-bt

80 3377 83 3384 ,
192 3316 267 3378 tibus
286 3336 368 3396 quam
389 3323 564 3400 reptantibus
580 3322 697 3400 lapsus,
720 3322 772 3382 sed
792 3321 837 3382 bis
856 3339 913 3381 non
934 3321 1093 3381 labentibus
1106 3317 1189 3392 cuba,

165 3399 248 3461 atllb
263 3419 320 3461 nou
339 3403 416 3463 nulla
437 3405 514 3479 laus,
538 3406 647 3465 etiamsi
668 3403 807 3465 labantur.
838 3404 909 3464 Nam
923 3413 952 3464 ut
967 3397 1110 3483 quasdam'
1118 3412 1190 3462 artes

193 3492 231 3540 rta
243 3483 432 3560 eloquentiam
447 3487 516 3545 nihil
530 3489 620 3564 magis
636 3505 718 3565 quam
732 3490 864 3566 ancipitIa
880 3488 1083 3548 commendant.
1106 3486 1188 3546 Vides
