2632 4096
516 519 542 572 0.
562 519 689 572 PLINIUS
707 519 827 571 ALBINO
844 519 904 572 SUO
923 519 951 574 S.

208 651 218 699 ι
291 634 362 698 Cum
376 637 520 696 venissem
533 638 561 696 in
575 654 676 698 soerus
691 655 772 698 meae
786 634 881 696 villam
896 635 1077 711 Alsiensem,
1094 653 1167 714 quae
1183 635 1233 695 ali·

231 720 346 822 quando
357 718 421 778 llud
434 719 551 797 Vergini
573 719 624 779 fuit
632 721 726 818 ,insse
745 719 811 778 mihi
830 718 914 779 loeus
930 720 1028 818 optimi
1042 717 1117 778 illius
1132 728 1162 779 ot
1176 738 1233 780 ma-

231 806 298 866 ximi
318 804 371 862 viri
395 801 566 862 desiderium
588 820 645 862 nou
662 804 724 863 siue
745 802 846 862 dolore
862 803 1018 863 renovavit.
1053 800 1134 861 lluue
1158 805 1255 866 enims

232 887 330 949 colere
347 902 495 945 seoessum
515 895 600 964 atque
620 888 704 946 etiarn
724 887 882 948 senectutis
902 903 971 946 suae
987 883 1111 946 nidulum
1125 903 1234 947 vocare

204 976 428 1033 loonsueverat.
451 967 638 1048 Quocumque
653 987 698 1030 me
711 969 907 1047 contulissem,
923 967 1001 1030 illum
1016 970 1138 1046 animus,
1152 968 1233 1030 illum

232 1051 308 1114 oouli
327 1052 517 1130 requirebant.
549 1052 641 1114 Libuit
663 1055 747 1113 etiam
761 1054 960 1114 monimentum
977 1054 1039 1114 eius
1059 1052 1177 1131 videro,
1203 1062 1232 1113 et

202 1137 334 1200 audisse
349 1135 494 1215 paenituit.
527 1135 581 1198 Est
596 1138 670 1197 enim
682 1136 774 1197 adhue
787 1136 993 1216 inperleotum,
1010 1154 1065 1196 neo
1079 1134 1231 1197 dillioultas

229 1221 326 1300 operis
341 1221 369 1279 in
384 1236 485 1297 eausa,
507 1220 610 1280 modici
630 1238 664 1280 ao
680 1221 774 1297 potius
789 1221 901 1298 exigui,
925 1217 978 1280 sed
993 1220 1092 1279 inertia
1106 1221 1170 1280 eius
1187 1221 1266 1280 ouilo

230 1322 297 1365 oura
315 1303 442 1364 mandata
460 1313 514 1364 est.
548 1303 630 1364 Subit
643 1303 796 1381 indignatio
810 1321 874 1363 eum
888 1303 1084 1380 miseratione,
1100 1313 1168 1381 post
1184 1303 1230 1363 de·

231 1389 333 1448 oimum
345 1389 442 1447 mortis
459 1405 558 1448 annum
570 1387 705 1466 reliquias
720 1386 939 1465 neglectumque
955 1387 1079 1446 cinerem
1090 1387 1152 1447 sine
1168 1388 1230 1447 titu-

229 1470 275 1549 lo,
297 1473 359 1532 sine
374 1472 486 1530 nomine
501 1473 614 1548 iaoere,
637 1472 718 1531 ouius
731 1472 865 1530 memoria
877 1471 976 1530 orbem
990 1479 1125 1530 terrarum
1139 1469 1230 1547 gloria

205 1562 411 1634 spemagetur.
434 1553 479 1614 Ad
495 1553 543 1615 ille
555 1553 734 1615 mandaverat
748 1563 919 1633 caveratque
935 1562 966 1614 ut
981 1553 1102 1614 divinum
1116 1551 1188 1614 illud
1203 1560 1231 1613 et

230 1636 377 1698 inmortale
391 1637 497 1698 laetum
509 1638 641 1700 versibus
655 1637 873 1700 inscriberetur:
1238 1645 1263 1698 rt

344 1720 392 1781 lrie
407 1724 478 1782 situs
494 1732 539 1783 est
553 1717 662 1799 Rufus,
683 1722 767 1801 pulso
781 1724 829 1801 qui
842 1721 960 1782 Vindice
976 1720 1115 1799 quondam

420 1808 568 1884 imperium
581 1805 705 1867 adseruit
720 1824 777 1866 uon
791 1806 844 1868 sibi
859 1805 912 1866 sed
926 1807 1045 1884 patriae

205 1890 298 1951 al'arn
312 1907 374 1949 rara
390 1890 418 1948 in
438 1891 567 1950 amicitiis
583 1888 672 1967 lides,
693 1899 748 1950 tam
770 1899 865 1970 parata
887 1888 994 1950 oblivio
1011 1896 1185 1948 mortuorum
1202 1895 1229 1946 ut

229 1976 284 2053 ιιιιι
278 1974 381 2032 uobis
397 1971 549 2034 debeamus
564 1974 647 2033 etiam
662 1972 817 2034 conditoria
834 1982 965 2034 extruere
982 1972 1130 2051 omniaque
1147 1969 1228 2031 bere·
1301 1967 1302 2040 l

204 2055 400 2119 fidumoflloia
415 2073 609 2134 praesumere.
636 2054 707 2116 Nam
722 2058 766 2117 oui
785 2075 841 2118 non
864 2065 909 2116 est
923 2055 1077 2118 verendum
1094 2054 1172 2134 quod
1188 2055 1227 2112 ιι-
1235 2066 1262 2118 ιο

230 2139 328 2200 demus
350 2138 492 2201 accidisse
508 2136 666 2216 Verginio?
691 2143 772 2201 euius
793 2142 919 2200 iniuriam
937 2149 967 2201 ut
986 2139 1174 2218 indigniorem
1188 2139 1228 2199 sio
1297 2101 1301 2325 ι

230 2223 314 2283 etiam
327 2223 489 2283 notiorem
480 2225 570 2303 ipsius
587 2221 698 2284 olaritas
715 2223 790 2284 lauit.
820 2223 902 2285 Vale.

708 2372 758 2434 xl.

509 2472 537 2525 o.
553 2471 679 2524 nunnius
697 2472 828 2524 ιιιιιιιιιι
843 2472 904 2524 suo
923 2470 949 2526 s,

207 2605 219 2655 l
294 2589 407 2650 0dlem
423 2588 542 2651 laetum!
565 2590 704 2653 adbibitus
725 2594 752 2651 in
771 2590 919 2652 eonsilium
939 2609 954 2650 a
976 2591 1125 2670 praefecto
1139 2591 1226 2667 urbis,
1295 2581 1296 2609 ¹

230 2672 322 2732 audivi
337 2691 375 2732 ex
391 2672 504 2734 diverso
517 2684 635 2751 agentes
650 2693 774 2736 summae
790 2676 869 2753 spei,
893 2691 1017 2735 summae
1034 2673 1135 2734 indolis
1151 2676 1227 2734 iure·
1294 2693 1295 2705 ¹

229 2773 299 2831 nes,
315 2754 438 2815 Fusoum
454 2756 637 2818 Salinatorem
652 2767 682 2818 et
696 2757 862 2818 Ummidium
878 2756 1064 2858 Quadratum,
1082 2760 1225 2836 egregium
1293 2789 1294 2801 ι

230 2854 282 2916 par
296 2854 352 2897 neo
371 2837 455 2897 modo
470 2843 646 2938 temporibus
666 2843 772 2902 nostris
793 2841 846 2902 sed
861 2841 986 2903 litteris
977 2844 1048 2921 rpsis
1063 2850 1225 2902 ornamento
1292 2883 1293 2895 ι

206 2920 360 2987 afuturum.
382 2919 452 2980 blira
469 2924 580 3002 utrique
595 2926 738 3003 probitas,
757 2927 912 2986 constantia
927 2924 1021 3003 salva,
1044 2925 1166 2986 decorus
1181 2925 1225 2984 lra-
1232 2925 1292 2990 ιι

146 3053 153 3072 ,
230 3004 318 3080 bitus,
333 3021 367 3064 os
380 3003 516 3083 latinum,
531 3024 588 3067 vox
603 3007 703 3085 virilis,
715 3018 802 3069 tenax
816 3010 961 3086 memoria,
976 3027 1106 3086 magnum
1119 3007 1226 3086 ingeni·
1290 3061 1291 3087 ι

229 3107 287 3166 um,
303 3087 434 3148 iudicium
448 3090 583 3167 aequale;
598 3109 670 3168 quae
685 3092 794 3169 singula
810 3091 876 3151 mihi
891 3091 1029 3171 voluptati
1045 3092 1168 3168 fuerunt,
1181 3088 1225 3149 ad·

230 3190 287 3250 que
308 3174 381 3232 inter
400 3171 472 3233 haee
493 3173 579 3251 illud,
602 3174 678 3253 quod
699 3184 728 3235 et
748 3177 802 3251 ipsi
818 3194 863 3236 me
879 3184 910 3235 ut
923 3185 1082 3254 reatorem,
1098 3185 1128 3236 ut
1142 3172 1224 3251 magi·
1289 3145 1290 3181 ¹

230 3265 318 3316 strum
336 3255 514 3316 intuebantur
536 3267 564 3316 et
585 3259 619 3318 iis
640 3259 687 3336 qui
706 3257 855 3319 audiebant
869 3277 915 3319 me
930 3257 1081 3337 aemulari,
1102 3259 1173 3318 meis
1187 3257 1223 3316 iu·

203 3347 305 3402 datare
319 3340 448 3416 vestigiis
463 3339 638 3400 videbantur.
673 3340 785 3401 0dlem
801 3346 941 3419 (nepsam
956 3343 1044 3442 enim)
1061 3341 1163 3402 laetum
1178 3355 1224 3399 no·
1213 3343 1257 3398 -36
1287 3299 1288 3371 ι

231 3422 400 3499 tandumqus
420 3422 486 3481 milri
509 3422 706 3484 candidissimo
722 3423 847 3484 ealoulo!
877 3424 950 3499 Quid
965 3427 1038 3484 enim
1051 3436 1098 3485 aut
1113 3423 1223 3504 publiea
1285 3389 1287 3467 ι

230 3503 332 3564 laetius
353 3521 436 3581 quam
457 3504 658 3567 clarissimos
650 3525 767 3576 ravenas
786 3525 889 3568 nomen
910 3518 939 3570 et
959 3508 1058 3569 lamam
1080 3526 1117 3569 ex
1131 3505 1223 3568 studiis
