2632 4096
351 272 615 336 nonsummum
631 272 696 334 ιιιι.
719 285 762 337 rs.
778 284 821 337 a.
1020 255 1022 260 ’
1054 270 1095 336 vs

87 427 200 490 llereor
213 435 247 486 nt
260 427 385 488 vieissim
398 426 508 506 qnidin
525 427 631 506 oppido
646 435 711 505 tuo,
734 425 801 507 quid
815 428 843 486 in
859 426 980 487 finitimis
995 435 1095 503 agatur
1103 436 1137 491 16

87 511 196 592 (solent
211 513 288 572 enim
302 511 439 591 quaedam
454 511 587 573 notabilia
600 510 745 592 incidere)
766 510 945 591 perscribas:
971 509 1094 589 denique

86 595 221 675 quidquid
243 594 345 673 voles,
367 594 432 655 dum
449 596 534 657 modo
549 613 606 656 non
626 596 717 655 minus
738 594 826 673 longa
846 591 970 672 epistula
989 597 1094 657 nuntia.

84 679 221 825 gqonoq
236 683 355 822 qnaginas
376 688 481 740 tantum
503 679 556 742 sed
572 697 674 740 versus
689 681 774 740 etiam
796 678 982 757 syllabasque
997 697 1094 740 nume·

65 777 79 827 5
134 782 161 824 ⁰.
220 782 278 824 aa.

557 895 624 958 xli.

278 997 306 1050 o.
326 995 452 1049 romnus
472 996 609 1048 unvnao
627 997 774 1048 snsmuo
794 997 854 1049 suo
872 997 900 1052 u.

142 1103 234 1164 Amas
252 1101 402 1182 Egnatium
418 1101 614 1164 blareellinum
627 1112 713 1182 atque
729 1105 813 1164 etiam
827 1104 894 1164 mihi
910 1122 999 1184 saepe
1015 1120 1116 1170 eom-l

50 1199 78 1252 10
84 1187 214 1248 mendas:
229 1188 336 1248 amabis
352 1189 442 1265 magis
457 1188 736 1267 commendabisque,
751 1189 776 1248 si
789 1191 960 1266 cognoveris
974 1191 1035 1250 eius
1045 1208 1092 1250 re·

85 1289 152 1332 oens
168 1271 286 1332 laetum.
320 1268 391 1331 Gnm
405 1273 434 1330 in
448 1274 623 1351 provinciam
638 1282 774 1351 quaestor
785 1274 896 1332 exisset
911 1273 1117 1352 scribamquen

86 1358 131 1434 qui
150 1357 223 1417 sorti
250 1357 392 1433 obtigerat
412 1364 477 1416 ante
498 1355 655 1434 legitimum
680 1355 774 1417 salarii
800 1366 912 1435 tempus
937 1357 1091 1435 amisisset,

86 1440 159 1517 quod
176 1450 339 1519 noeeperat
360 1441 473 1501 seribae
494 1441 609 1502 daturus
629 1440 770 1501 intellexit
785 1449 815 1500 et
830 1442 927 1500 statuit
943 1439 1093 1501 subsidere

85 1524 156 1602 apud
170 1544 204 1586 se
219 1541 279 1585 non
294 1533 441 1604 oportere.
459 1523 559 1604 ltaque
573 1537 708 1586 reversus
724 1523 887 1603 Gaesarem,
901 1525 1003 1585 deinde
1019 1522 1116 1588 Cae-3

53 1626 148 1682 15sare
173 1619 296 1670 auotore
317 1619 447 1670 senatum
467 1609 610 1670 consuluit
631 1610 698 1688 quid
719 1610 781 1670 lieri
804 1609 840 1670 de
868 1608 971 1670 salario
991 1609 1090 1670 vellet.

87 1689 171 1753 Parva
194 1695 346 1773 quaestio,
375 1693 427 1754 sed
448 1701 540 1754 tamen
564 1695 705 1772 quaestio.
737 1692 868 1756 Heredes
889 1689 1002 1754 scribae
1026 1693 1091 1770 sibi,

86 1777 223 1854 praelecti
239 1779 329 1838 aerari
343 1776 452 1858 populo
465 1777 652 1839 vindicabant.
684 1779 758 1838 Aeta
772 1795 858 1838 eausa
878 1787 937 1838 est:
958 1776 1026 1836 dixit
1039 1777 1118 1839 bet

86 1859 182 1920 redum
196 1862 371 1940 advooatus,
393 1862 496 1922 deinde
510 1862 629 1942 populi,
647 1872 768 1942 uterque
781 1860 997 1940 percommode.
1019 1858 1091 1921 Cae·

89 1943 166 2006 eilias
183 1947 289 2007 Strabo
303 1948 413 2007 aerario
429 1950 539 2007 censuit
552 1945 741 2024 inferendum,
757 1946 880 2006 Baebius
894 1943 992 2006 blaeer
1009 1945 1093 2004 bare·

52 2025 167 2095 nedibus
183 2030 319 2092 dandum:
343 2030 462 2091 obtinuit
478 2032 590 2092 Strabo.
612 2030 655 2090 Tu
669 2029 750 2090 landa
765 2029 972 2108 Mareellinam,
988 2039 1019 2090 nt
1035 2039 1117 2107 egos

90 2115 178 2173 statim
199 2114 267 2176 leel.
302 2113 437 2187 Quamvis
459 2117 532 2176 enim
552 2115 662 2176 abunde
685 2115 809 2176 suilieiat
822 2114 864 2175 illi
879 2114 956 2195 quod
972 2122 1018 2174 est
1032 2123 1093 2174 eta

89 2198 215 2278 principe
234 2208 263 2259 et
277 2215 294 2258 a
308 2208 408 2261 senatu
423 2201 578 2278 probatus,
594 2199 729 2278 gaudebit
744 2209 837 2260 tamen
852 2201 1014 2260 testimonio
1030 2208 1091 2259 tno.

90 2278 190 2344 Omnes
211 2285 287 2344 enim
308 2285 356 2363 qni
377 2283 469 2362 gloria
488 2284 617 2362 famaque
640 2283 780 2344 ducuntur
801 2285 900 2343 mirum
924 2285 953 2343 in
977 2282 1114 2342 modumd

90 2363 219 2428 adsensio
235 2364 341 2428 atlans
356 2386 373 2429 a
387 2369 541 2429 minoribus
558 2370 642 2429 etiam
657 2367 789 2446 proiecta
801 2368 935 2428 delectat
962 2365 1004 2425 'l'e
1019 2381 1091 2425 vero

55 2445 269 2512 itllaroellinus
286 2453 324 2512 ita
340 2462 491 2514 reveretur
504 2462 535 2512 ut
549 2451 654 2512 iudicio
668 2461 718 2512 tno
733 2453 884 2531 plurimum
895 2451 1007 2511 tribuat.
1035 2448 1092 2508 Ao·
1100 2453 1116 2510 7

93 2532 163 2594 oedit
176 2535 222 2597 bis
239 2536 332 2614 quod,
357 2539 381 2598 si
402 2539 572 2616 cognoverit
592 2535 697 2597 laetum
718 2554 799 2596 suurn
818 2537 875 2596 isto
893 2551 984 2612 usque
1003 2550 1091 2611 pene·

92 2624 197 2698 trasse,
221 2637 346 2682 neeesse
367 2630 413 2682 est
432 2621 523 2683 landis
543 2638 612 2682 suae
630 2622 723 2700 spatio
738 2629 769 2679 et
783 2637 867 2679 eursu
882 2627 912 2678 et
927 2618 1091 2696 peregrina·

92 2701 164 2762 tione
177 2703 311 2764 laetetur.
338 2704 468 2783 Etenim,
485 2707 587 2766 neseio
604 2721 661 2783 quo
676 2714 778 2784 paeto,
794 2701 841 2762 vel
858 2704 948 2780 magis
962 2702 1091 2810 homines

92 2783 162 2846 iuvat
174 2788 268 2866 gloria
282 2788 338 2849 lata
352 2807 434 2868 mam
447 2808 556 2868 magna
590 2786 673 2848 Vale

553 2922 631 2984 Xffl
653 2906 659 2921 ι

376 3021 403 3074 G
422 3019 547 3072 PLINIUS
565 3020 681 3072 TACITO
695 3019 755 3072 SUO
771 3019 799 3070 S.

150 3124 264 3185 Salvum
283 3135 312 3186 te
340 3128 368 3185 in
389 3125 487 3186 urbem
511 3127 628 3187 venisse
651 3126 778 3204 gaudem
804 3125 908 3186 venisti
928 3133 1038 3198 autern,
1065 3122 1112 3183 sil

97 3208 199 3282 qnando
220 3209 306 3288 alias,
332 3228 406 3269 nune
428 3213 549 3272 maxime
571 3210 636 3270 mibi
652 3209 841 3273 desideratus.
873 3205 942 3286 lpse
961 3204 1091 3285 pauculis

63 3286 180 3353 lbudbue
200 3293 300 3356 diebm
314 3295 343 3354 in
362 3293 525 3356 'l'usonlano
547 3294 760 3372 commorabor,
783 3303 813 3353 ut
829 3289 998 3369 opuseulum
1015 3289 1092 3368 quod

98 3377 173 3436 estin
183 3379 310 3440 manibus
321 3377 474 3440 absolvam
497 3378 609 3440 Vereor
623 3382 698 3440 eninr
711 3397 760 3455 ne,
776 3379 801 3437 si
818 3375 891 3436 bano
906 3375 1120 3434 intentionemn

98 3455 145 3516 iam
158 3461 185 3522 in
199 3462 253 3523 line
268 3463 413 3540 laxavero,
428 3481 516 3541 aegre
531 3481 682 3525 resumam.
712 3461 828 3522 Interim
841 3473 884 3519 ne
894 3457 961 3536 quid
976 3458 1093 3518 festina·

99 3541 160 3603 tioni
172 3562 250 3607 mene
262 3555 373 3626 pereat,
388 3547 465 3626 quod
480 3564 541 3608 sum
553 3566 691 3627 praesens
703 3547 843 3624 petiturus
854 3543 908 3603 bae
919 3543 999 3621 quasi
1011 3559 1093 3620 prae·

61 2876 88 2932 ld
