<?xml version="1.0" encoding="UTF-8"?>
<!DOCTYPE html PUBLIC "-//W3C//DTD XHTML 1.0 Transitional//EN"
    "http://www.w3.org/TR/xhtml1/DTD/xhtml1-transitional.dtd">
<html xmlns="http://www.w3.org/1999/xhtml" xml:lang="en" lang="en">
 <head>
  <title>
</title>
<meta http-equiv="Content-Type" content="text/html;charset=utf-8" />
  <meta name='ocr-system' content='tesseract 3.04.00' />
  <meta name='ocr-capabilities' content='ocr_page ocr_carea ocr_par ocr_line ocrx_word'/>
</head>
<body>
  <div class='ocr_page' id='page_1' title='image "./epistularumlibr00plingoog_0269.png"; bbox 0 0 2614 4104; ppageno 0'>
   <div class='ocr_carea' id='block_1_1' title="bbox 224 318 798 385">
    <p class='ocr_par' dir='ltr' id='par_1_1' title="bbox 224 318 798 385">
     <span class='ocr_line' id='line_1_1' title="bbox 224 318 798 385; baseline -0.009 0"><span class='ocrx_word' id='word_1_1' title='bbox 224 320 288 385; x_wconf 77' lang='lat'><strong>242</strong></span> <span class='ocrx_word' id='word_1_2' title='bbox 645 319 677 381; x_wconf 84' lang='lat'><strong>0.</strong></span> <span class='ocrx_word' id='word_1_3' title='bbox 700 318 798 381; x_wconf 82' lang='lat' dir='ltr'><strong>Pbllll</strong></span> 
     </span>
    </p>
   </div>
   <div class='ocr_carea' id='block_1_2' title="bbox 168 471 1269 3397">
    <p class='ocr_par' dir='ltr' id='par_1_2' title="bbox 168 471 1269 3397">
     <span class='ocr_line' id='line_1_2' title="bbox 225 471 1232 551; baseline -0.005 -15"><span class='ocrx_word' id='word_1_4' title='bbox 225 485 255 536; x_wconf 89' lang='lat' dir='ltr'><strong>ct</strong></span> <span class='ocrx_word' id='word_1_5' title='bbox 271 474 352 535; x_wconf 90' lang='lat' dir='ltr'><strong>iauor</strong></span> <span class='ocrx_word' id='word_1_6' title='bbox 365 483 433 534; x_wconf 89' lang='lat' dir='ltr'><strong>tunc</strong></span> <span class='ocrx_word' id='word_1_7' title='bbox 448 475 558 551; x_wconf 87' lang='lat' dir='ltr'><strong>statim,</strong></span> <span class='ocrx_word' id='word_1_8' title='bbox 575 490 638 534; x_wconf 87' lang='lat' dir='ltr'><strong>curu</strong></span> <span class='ocrx_word' id='word_1_9' title='bbox 653 473 689 533; x_wconf 91' lang='lat' dir='ltr'><strong>ad</strong></span> <span class='ocrx_word' id='word_1_10' title='bbox 703 474 860 533; x_wconf 89' lang='lat' dir='ltr'><strong>exercitum</strong></span> <span class='ocrx_word' id='word_1_11' title='bbox 875 471 1115 550; x_wconf 82' lang='lat' dir='ltr'><strong>proficiscereris,</strong></span> <span class='ocrx_word' id='word_1_12' title='bbox 1134 481 1166 532; x_wconf 91' lang='lat' dir='ltr'><strong>ct</strong></span> <span class='ocrx_word' id='word_1_13' title='bbox 1176 471 1232 549; x_wconf 89' lang='lat' dir='ltr'><strong>qni·</strong></span> 
     </span>
     <span class='ocr_line' id='line_1_3' title="bbox 226 554 1231 634; baseline -0.007 -14"><span class='ocrx_word' id='word_1_14' title='bbox 226 559 291 620; x_wconf 92' lang='lat' dir='ltr'><strong>dem</strong></span> <span class='ocrx_word' id='word_1_15' title='bbox 305 559 439 619; x_wconf 90' lang='lat' dir='ltr'><strong>inusitato</strong></span> <span class='ocrx_word' id='word_1_16' title='bbox 453 559 570 618; x_wconf 75' lang='lat' dir='ltr'><strong>audicio</strong></span> <span class='ocrx_word' id='word_1_17' title='bbox 585 558 703 633; x_wconf 80' lang='lat' dir='ltr'><strong>enotuit.</strong></span> <span class='ocrx_word' id='word_1_18' title='bbox 737 554 808 616; x_wconf 88' lang='lat' dir='ltr'><strong>Nam</strong></span> <span class='ocrx_word' id='word_1_19' title='bbox 824 566 940 616; x_wconf 89' lang='lat' dir='ltr'><strong>ceteros</strong></span> <span class='ocrx_word' id='word_1_20' title='bbox 955 555 1102 634; x_wconf 85' lang='lat' dir='ltr'><strong>principes</strong></span> <span class='ocrx_word' id='word_1_21' title='bbox 1118 565 1169 615; x_wconf 89' lang='lat' dir='ltr'><strong>aut</strong></span> <span class='ocrx_word' id='word_1_22' title='bbox 1182 555 1231 614; x_wconf 91' lang='lat' dir='ltr'><strong>lar-</strong></span> 
     </span>
     <span class='ocr_line' id='line_1_4' title="bbox 225 637 1232 721; baseline -0.006 -19"><span class='ocrx_word' id='word_1_23' title='bbox 225 661 280 721; x_wconf 79' lang='lat' dir='ltr'><strong>gus</strong></span> <span class='ocrx_word' id='word_1_24' title='bbox 297 659 381 702; x_wconf 91' lang='lat' dir='ltr'><strong>cruor</strong></span> <span class='ocrx_word' id='word_1_25' title='bbox 401 642 555 701; x_wconf 85' lang='lat' dir='ltr'><strong>hostiarum</strong></span> <span class='ocrx_word' id='word_1_26' title='bbox 573 648 621 700; x_wconf 93' lang='lat' dir='ltr'><strong>aut</strong></span> <span class='ocrx_word' id='word_1_27' title='bbox 643 641 759 700; x_wconf 78' lang='lat' dir='ltr'>sinister</span> <span class='ocrx_word' id='word_1_28' title='bbox 777 639 891 700; x_wconf 87' lang='lat' dir='ltr'><strong>volatus</strong></span> <span class='ocrx_word' id='word_1_29' title='bbox 906 639 997 699; x_wconf 80' lang='lat' dir='ltr'><strong>urium</strong></span> <span class='ocrx_word' id='word_1_30' title='bbox 1013 637 1232 699; x_wconf 75' lang='lat' dir='ltr'><strong>consulentibus</strong></span> 
     </span>
     <span class='ocr_line' id='line_1_5' title="bbox 226 720 1233 802; baseline -0.006 -15"><span class='ocrx_word' id='word_1_31' title='bbox 226 727 379 802; x_wconf 88' lang='lat' dir='ltr'><strong>nuntiavit,</strong></span> <span class='ocrx_word' id='word_1_32' title='bbox 399 725 451 785; x_wconf 89' lang='lat' dir='ltr'><strong>tibi</strong></span> <span class='ocrx_word' id='word_1_33' title='bbox 473 723 638 784; x_wconf 75' lang='lat' dir='ltr'>ascendenti</span> <span class='ocrx_word' id='word_1_34' title='bbox 654 722 689 781; x_wconf 87' lang='lat' dir='ltr'><strong>dc</strong></span> <span class='ocrx_word' id='word_1_35' title='bbox 709 740 789 783; x_wconf 90' lang='lat' dir='ltr'><strong>more</strong></span> <span class='ocrx_word' id='word_1_36' title='bbox 809 720 978 801; x_wconf 82' lang='lat' dir='ltr'><strong>Capitolium</strong></span> <span class='ocrx_word' id='word_1_37' title='bbox 994 739 1168 801; x_wconf 89' lang='lat' dir='ltr'><strong>quamquam</strong></span> <span class='ocrx_word' id='word_1_38' title='bbox 1180 739 1233 781; x_wconf 91' lang='lat' dir='ltr'><strong>non</strong></span> 
     </span>
     <span class='ocr_line' id='line_1_6' title="bbox 226 806 1251 887; baseline -0.002 -17"><span class='ocrx_word' id='word_1_39' title='bbox 226 809 255 869; x_wconf 93' lang='lat' dir='ltr'><strong>id</strong></span> <span class='ocrx_word' id='word_1_40' title='bbox 269 811 411 887; x_wconf 76' lang='lat' dir='ltr'><strong>agentium</strong></span> <span class='ocrx_word' id='word_1_41' title='bbox 430 809 531 867; x_wconf 85' lang='lat' dir='ltr'><strong>civium</strong></span> <span class='ocrx_word' id='word_1_42' title='bbox 548 807 669 883; x_wconf 88' lang='lat' dir='ltr'><strong>clamor,</strong></span> <span class='ocrx_word' id='word_1_43' title='bbox 694 816 726 866; x_wconf 92' lang='lat' dir='ltr'><strong>nt</strong></span> <span class='ocrx_word' id='word_1_44' title='bbox 739 809 793 866; x_wconf 93' lang='lat' dir='ltr'><strong>iam</strong></span> <span class='ocrx_word' id='word_1_45' title='bbox 806 808 946 887; x_wconf 81' lang='lat' dir='ltr'><strong>principi,</strong></span> <span class='ocrx_word' id='word_1_46' title='bbox 972 808 1116 873; x_wconf 88' lang='lat' dir='ltr'><strong>occurrit;</strong></span> <span class='ocrx_word' id='word_1_47' title='bbox 1147 806 1251 883; x_wconf 83' lang='lat' dir='ltr'><strong>siqui-t</strong></span> 
     </span>
     <span class='ocr_line' id='line_1_7' title="bbox 227 889 1233 968; baseline -0.005 -15"><span class='ocrx_word' id='word_1_48' title='bbox 227 892 292 953; x_wconf 90' lang='lat' dir='ltr'><strong>dem</strong></span> <span class='ocrx_word' id='word_1_49' title='bbox 308 893 398 952; x_wconf 87' lang='lat' dir='ltr'><strong>omnis</strong></span> <span class='ocrx_word' id='word_1_50' title='bbox 412 891 492 950; x_wconf 87' lang='lat' dir='ltr'><strong>turba</strong></span> <span class='ocrx_word' id='word_1_51' title='bbox 508 907 581 968; x_wconf 93' lang='lat' dir='ltr'><strong>quue</strong></span> <span class='ocrx_word' id='word_1_52' title='bbox 596 889 680 949; x_wconf 90' lang='lat' dir='ltr'><strong>limen</strong></span> <span class='ocrx_word' id='word_1_53' title='bbox 701 891 844 950; x_wconf 77' lang='lat' dir='ltr'><strong>insederat</strong></span> <span class='ocrx_word' id='word_1_54' title='bbox 864 891 898 950; x_wconf 91' lang='lat' dir='ltr'><strong>ad</strong></span> <span class='ocrx_word' id='word_1_55' title='bbox 919 893 1082 968; x_wconf 78' lang='lat' dir='ltr'><strong>ingressum</strong></span> <span class='ocrx_word' id='word_1_56' title='bbox 1097 897 1181 948; x_wconf 89' lang='lat' dir='ltr'><strong>tuum</strong></span> <span class='ocrx_word' id='word_1_57' title='bbox 1194 890 1233 948; x_wconf 90' lang='lat' dir='ltr'><strong>io-</strong></span> 
     </span>
     <span class='ocr_line' id='line_1_8' title="bbox 226 973 1232 1053; baseline -0.003 -18"><span class='ocrx_word' id='word_1_58' title='bbox 226 977 304 1035; x_wconf 93' lang='lat' dir='ltr'><strong>ribus</strong></span> <span class='ocrx_word' id='word_1_59' title='bbox 315 973 436 1034; x_wconf 80' lang='lat' dir='ltr'><strong>reclusis</strong></span> <span class='ocrx_word' id='word_1_60' title='bbox 446 973 494 1034; x_wconf 91' lang='lat' dir='ltr'><strong>illa</strong></span> <span class='ocrx_word' id='word_1_61' title='bbox 505 974 629 1053; x_wconf 91' lang='lat' dir='ltr'><strong>quidem,</strong></span> <span class='ocrx_word' id='word_1_62' title='bbox 645 983 675 1033; x_wconf 92' lang='lat' dir='ltr'><strong>ut</strong></span> <span class='ocrx_word' id='word_1_63' title='bbox 689 983 757 1032; x_wconf 90' lang='lat' dir='ltr'><strong>tnnc</strong></span> <span class='ocrx_word' id='word_1_64' title='bbox 770 975 965 1052; x_wconf 76' lang='lat' dir='ltr'><strong>arbitrabatur,</strong></span> <span class='ocrx_word' id='word_1_65' title='bbox 982 973 1076 1047; x_wconf 89' lang='lat' dir='ltr'><strong>deum,</strong></span> <span class='ocrx_word' id='word_1_66' title='bbox 1093 984 1232 1050; x_wconf 86' lang='lat' dir='ltr'><strong>ceterum,</strong></span> 
     </span>
     <span class='ocr_line' id='line_1_9' title="bbox 227 1054 1234 1135; baseline -0.002 -18"><span class='ocrx_word' id='word_1_67' title='bbox 227 1069 258 1118; x_wconf 93' lang='lat' dir='ltr'><strong>nt</strong></span> <span class='ocrx_word' id='word_1_68' title='bbox 273 1058 370 1118; x_wconf 92' lang='lat' dir='ltr'><strong>docuit</strong></span> <span class='ocrx_word' id='word_1_69' title='bbox 385 1069 522 1134; x_wconf 88' lang='lat' dir='ltr'><strong>euentus,</strong></span> <span class='ocrx_word' id='word_1_70' title='bbox 544 1065 574 1118; x_wconf 92' lang='lat' dir='ltr'><strong>te</strong></span> <span class='ocrx_word' id='word_1_71' title='bbox 590 1056 775 1118; x_wconf 87' lang='lat' dir='ltr'><strong>consalutauit</strong></span> <span class='ocrx_word' id='word_1_72' title='bbox 790 1060 999 1135; x_wconf 89' lang='lat' dir='ltr'><strong>imperatorem.</strong></span> <span class='ocrx_word' id='word_1_73' title='bbox 1039 1054 1104 1116; x_wconf 87' lang='lat' dir='ltr'><strong>Nec</strong></span> <span class='ocrx_word' id='word_1_74' title='bbox 1120 1057 1207 1118; x_wconf 88' lang='lat' dir='ltr'><strong>aliter</strong></span> <span class='ocrx_word' id='word_1_75' title='bbox 1220 1076 1234 1115; x_wconf 91' lang='lat' dir='ltr'><strong>a</strong></span> 
     </span>
     <span class='ocr_line' id='line_1_10' title="bbox 229 1139 1233 1221; baseline -0.006 -19"><span class='ocrx_word' id='word_1_76' title='bbox 229 1143 339 1202; x_wconf 91' lang='lat' dir='ltr'><strong>cunctis</strong></span> <span class='ocrx_word' id='word_1_77' title='bbox 361 1158 444 1202; x_wconf 91' lang='lat' dir='ltr'><strong>omen</strong></span> <span class='ocrx_word' id='word_1_78' title='bbox 465 1151 615 1221; x_wconf 86' lang='lat' dir='ltr'><strong>acceptum</strong></span> <span class='ocrx_word' id='word_1_79' title='bbox 637 1151 690 1201; x_wconf 89' lang='lat' dir='ltr'><strong>est.</strong></span> <span class='ocrx_word' id='word_1_80' title='bbox 725 1139 796 1201; x_wconf 90' lang='lat' dir='ltr'><strong>Nam</strong></span> <span class='ocrx_word' id='word_1_81' title='bbox 816 1144 880 1220; x_wconf 90' lang='lat' dir='ltr'><strong>ipse</strong></span> <span class='ocrx_word' id='word_1_82' title='bbox 902 1140 1075 1217; x_wconf 83' lang='lat' dir='ltr'><strong>intellegere</strong></span> <span class='ocrx_word' id='word_1_83' title='bbox 1097 1140 1233 1201; x_wconf 88' lang='lat' dir='ltr'><strong>nolebas:</strong></span> 
     </span>
     <span class='ocr_line' id='line_1_11' title="bbox 227 1225 1266 1304; baseline -0.006 -19"><span class='ocrx_word' id='word_1_84' title='bbox 227 1225 381 1286; x_wconf 84' lang='lat' dir='ltr'><strong>recusabas</strong></span> <span class='ocrx_word' id='word_1_85' title='bbox 396 1225 469 1285; x_wconf 92' lang='lat' dir='ltr'><strong>enim</strong></span> <span class='ocrx_word' id='word_1_86' title='bbox 485 1228 638 1304; x_wconf 88' lang='lat' dir='ltr'><strong>imperare;</strong></span> <span class='ocrx_word' id='word_1_87' title='bbox 658 1225 829 1301; x_wconf 82' lang='lat' dir='ltr'><strong>recusabas,</strong></span> <span class='ocrx_word' id='word_1_88' title='bbox 852 1225 927 1303; x_wconf 93' lang='lat' dir='ltr'><strong>quod</strong></span> <span class='ocrx_word' id='word_1_89' title='bbox 944 1226 1018 1285; x_wconf 91' lang='lat' dir='ltr'><strong>bene</strong></span> <span class='ocrx_word' id='word_1_90' title='bbox 1034 1233 1095 1284; x_wconf 89' lang='lat' dir='ltr'><strong>crat</strong></span> <span class='ocrx_word' id='word_1_91' title='bbox 1111 1227 1232 1302; x_wconf 89' lang='lat' dir='ltr'><strong>imperu-</strong></span> <span class='ocrx_word' id='word_1_92' title='bbox 1242 1229 1266 1280; x_wconf 86' lang='lat' dir='ltr'><strong>lo</strong></span> 
     </span>
     <span class='ocr_line' id='line_1_12' title="bbox 228 1306 1232 1389; baseline -0.004 -19"><span class='ocrx_word' id='word_1_93' title='bbox 228 1313 293 1371; x_wconf 92' lang='lat' dir='ltr'><strong>turi.</strong></span> <span class='ocrx_word' id='word_1_94' title='bbox 325 1309 415 1386; x_wconf 79' lang='lat' dir='ltr'><strong>lgitur</strong></span> <span class='ocrx_word' id='word_1_95' title='bbox 427 1309 575 1386; x_wconf 85' lang='lat' dir='ltr'><strong>cogendus</strong></span> <span class='ocrx_word' id='word_1_96' title='bbox 589 1310 675 1369; x_wconf 86' lang='lat' dir='ltr'><strong>luisti.</strong></span> <span class='ocrx_word' id='word_1_97' title='bbox 711 1306 784 1386; x_wconf 78' lang='lat' dir='ltr'><strong>Cogi</strong></span> <span class='ocrx_word' id='word_1_98' title='bbox 805 1326 893 1389; x_wconf 92' lang='lat' dir='ltr'><strong>porro</strong></span> <span class='ocrx_word' id='word_1_99' title='bbox 908 1325 965 1368; x_wconf 88' lang='lat' dir='ltr'><strong>nou</strong></span> <span class='ocrx_word' id='word_1_100' title='bbox 981 1318 1097 1386; x_wconf 92' lang='lat' dir='ltr'><strong>poteras</strong></span> <span class='ocrx_word' id='word_1_101' title='bbox 1114 1311 1170 1369; x_wconf 90' lang='lat' dir='ltr'><strong>nisi</strong></span> <span class='ocrx_word' id='word_1_102' title='bbox 1185 1325 1232 1387; x_wconf 90' lang='lat' dir='ltr'><strong>pe·</strong></span> 
     </span>
     <span class='ocr_line' id='line_1_13' title="bbox 226 1392 1231 1472; baseline -0.005 -18"><span class='ocrx_word' id='word_1_103' title='bbox 226 1393 318 1454; x_wconf 93' lang='lat' dir='ltr'><strong>riculo</strong></span> <span class='ocrx_word' id='word_1_104' title='bbox 332 1395 440 1471; x_wconf 82' lang='lat' dir='ltr'><strong>patriae</strong></span> <span class='ocrx_word' id='word_1_105' title='bbox 456 1403 485 1452; x_wconf 89' lang='lat' dir='ltr'><strong>et</strong></span> <span class='ocrx_word' id='word_1_106' title='bbox 502 1394 645 1453; x_wconf 88' lang='lat' dir='ltr'><strong>nutatione</strong></span> <span class='ocrx_word' id='word_1_107' title='bbox 666 1392 866 1472; x_wconf 90' lang='lat' dir='ltr'><strong>reipublicae.</strong></span> <span class='ocrx_word' id='word_1_108' title='bbox 901 1392 1076 1453; x_wconf 86' lang='lat' dir='ltr'><strong>Obstinaturn</strong></span> <span class='ocrx_word' id='word_1_109' title='bbox 1093 1395 1171 1452; x_wconf 90' lang='lat' dir='ltr'><strong>enirn</strong></span> <span class='ocrx_word' id='word_1_110' title='bbox 1184 1393 1231 1452; x_wconf 92' lang='lat' dir='ltr'><strong>tibi</strong></span> 
     </span>
     <span class='ocr_line' id='line_1_14' title="bbox 227 1474 1231 1555; baseline -0.002 -19"><span class='ocrx_word' id='word_1_111' title='bbox 227 1495 284 1537; x_wconf 94' lang='lat' dir='ltr'><strong>non</strong></span> <span class='ocrx_word' id='word_1_112' title='bbox 305 1479 454 1554; x_wconf 86' lang='lat' dir='ltr'><strong>suscipere</strong></span> <span class='ocrx_word' id='word_1_113' title='bbox 471 1477 636 1555; x_wconf 92' lang='lat' dir='ltr'><strong>imperium,</strong></span> <span class='ocrx_word' id='word_1_114' title='bbox 659 1478 713 1536; x_wconf 92' lang='lat' dir='ltr'><strong>nisi</strong></span> <span class='ocrx_word' id='word_1_115' title='bbox 730 1476 898 1538; x_wconf 83' lang='lat' dir='ltr'><strong>servandum</strong></span> <span class='ocrx_word' id='word_1_116' title='bbox 916 1476 1028 1537; x_wconf 85' lang='lat' dir='ltr'><strong>luisset.</strong></span> <span class='ocrx_word' id='word_1_117' title='bbox 1064 1474 1164 1549; x_wconf 80' lang='lat' dir='ltr'><strong>Quare</strong></span> <span class='ocrx_word' id='word_1_118' title='bbox 1178 1493 1231 1552; x_wconf 79' lang='lat' dir='ltr'><strong>ego</strong></span> 
     </span>
     <span class='ocr_line' id='line_1_15' title="bbox 227 1559 1231 1639; baseline -0.003 -19"><span class='ocrx_word' id='word_1_119' title='bbox 227 1560 305 1621; x_wconf 93' lang='lat' dir='ltr'><strong>illum</strong></span> <span class='ocrx_word' id='word_1_120' title='bbox 318 1561 414 1639; x_wconf 89' lang='lat' dir='ltr'><strong>ipsum</strong></span> <span class='ocrx_word' id='word_1_121' title='bbox 423 1559 546 1619; x_wconf 83' lang='lat' dir='ltr'><strong>furorem</strong></span> <span class='ocrx_word' id='word_1_122' title='bbox 561 1568 725 1638; x_wconf 90' lang='lat' dir='ltr'><strong>motumque</strong></span> <span class='ocrx_word' id='word_1_123' title='bbox 737 1571 913 1621; x_wconf 88' lang='lat' dir='ltr'><strong>castrensem</strong></span> <span class='ocrx_word' id='word_1_124' title='bbox 925 1577 992 1620; x_wconf 91' lang='lat' dir='ltr'><strong>reor</strong></span> <span class='ocrx_word' id='word_1_125' title='bbox 1003 1561 1154 1637; x_wconf 85' lang='lat' dir='ltr'><strong>extitisse,</strong></span> <span class='ocrx_word' id='word_1_126' title='bbox 1171 1561 1231 1638; x_wconf 90' lang='lat' dir='ltr'><strong>quia</strong></span> 
     </span>
     <span class='ocr_line' id='line_1_16' title="bbox 227 1643 1264 1723; baseline -0.004 -17"><span class='ocrx_word' id='word_1_127' title='bbox 227 1661 327 1723; x_wconf 84' lang='lat' dir='ltr'><strong>magna</strong></span> <span class='ocrx_word' id='word_1_128' title='bbox 345 1645 375 1703; x_wconf 80' lang='lat' dir='ltr'><strong>vi</strong></span> <span class='ocrx_word' id='word_1_129' title='bbox 396 1660 556 1723; x_wconf 79' lang='lat' dir='ltr'><strong>magnoque</strong></span> <span class='ocrx_word' id='word_1_130' title='bbox 575 1653 684 1704; x_wconf 91' lang='lat' dir='ltr'><strong>terrore</strong></span> <span class='ocrx_word' id='word_1_131' title='bbox 699 1644 837 1706; x_wconf 90' lang='lat' dir='ltr'><strong>modestia</strong></span> <span class='ocrx_word' id='word_1_132' title='bbox 854 1655 901 1704; x_wconf 92' lang='lat' dir='ltr'><strong>tua</strong></span> <span class='ocrx_word' id='word_1_133' title='bbox 922 1643 1061 1703; x_wconf 86' lang='lat' dir='ltr'><strong>vincenda</strong></span> <span class='ocrx_word' id='word_1_134' title='bbox 1082 1653 1155 1704; x_wconf 88' lang='lat' dir='ltr'><strong>erat.</strong></span> <span class='ocrx_word' id='word_1_135' title='bbox 1190 1644 1231 1703; x_wconf 78' lang='lat' dir='ltr'><strong>Ac</strong></span> <span class='ocrx_word' id='word_1_136' title='bbox 1239 1651 1264 1703; x_wconf 86' lang='lat'><strong>15</strong></span> 
     </span>
     <span class='ocr_line' id='line_1_17' title="bbox 229 1726 1230 1807; baseline -0.004 -18"><span class='ocrx_word' id='word_1_137' title='bbox 229 1731 303 1789; x_wconf 93' lang='lat' dir='ltr'><strong>sicut</strong></span> <span class='ocrx_word' id='word_1_138' title='bbox 318 1730 401 1789; x_wconf 89' lang='lat' dir='ltr'><strong>maris</strong></span> <span class='ocrx_word' id='word_1_139' title='bbox 416 1726 547 1807; x_wconf 90' lang='lat' dir='ltr'><strong>caelique</strong></span> <span class='ocrx_word' id='word_1_140' title='bbox 567 1728 735 1805; x_wconf 82' lang='lat' dir='ltr'><strong>temperiem</strong></span> <span class='ocrx_word' id='word_1_141' title='bbox 750 1729 877 1789; x_wconf 89' lang='lat' dir='ltr'><strong>turbines</strong></span> <span class='ocrx_word' id='word_1_142' title='bbox 894 1737 1141 1806; x_wconf 85' lang='lat' dir='ltr'><strong>tempestatesque</strong></span> <span class='ocrx_word' id='word_1_143' title='bbox 1157 1743 1230 1788; x_wconf 93' lang='lat' dir='ltr'><strong>com-</strong></span> 
     </span>
     <span class='ocr_line' id='line_1_18' title="bbox 230 1809 1230 1891; baseline -0.004 -19"><span class='ocrx_word' id='word_1_144' title='bbox 230 1812 379 1890; x_wconf 89' lang='lat' dir='ltr'><strong>mendant,</strong></span> <span class='ocrx_word' id='word_1_145' title='bbox 399 1815 436 1872; x_wconf 91' lang='lat' dir='ltr'><strong>ita</strong></span> <span class='ocrx_word' id='word_1_146' title='bbox 457 1811 491 1871; x_wconf 93' lang='lat' dir='ltr'><strong>ad</strong></span> <span class='ocrx_word' id='word_1_147' title='bbox 512 1811 667 1888; x_wconf 82' lang='lat' dir='ltr'><strong>augendam</strong></span> <span class='ocrx_word' id='word_1_148' title='bbox 682 1813 764 1888; x_wconf 91' lang='lat' dir='ltr'><strong>pacis</strong></span> <span class='ocrx_word' id='word_1_149' title='bbox 779 1821 843 1872; x_wconf 89' lang='lat' dir='ltr'><strong>tuae</strong></span> <span class='ocrx_word' id='word_1_150' title='bbox 859 1813 976 1891; x_wconf 79' lang='lat' dir='ltr'><strong>gratiam</strong></span> <span class='ocrx_word' id='word_1_151' title='bbox 991 1811 1070 1870; x_wconf 92' lang='lat' dir='ltr'><strong>illum</strong></span> <span class='ocrx_word' id='word_1_152' title='bbox 1085 1809 1230 1870; x_wconf 89' lang='lat' dir='ltr'><strong>tumultum</strong></span> 
     </span>
     <span class='ocr_line' id='line_1_19' title="bbox 229 1893 1231 1975; baseline -0.004 -19"><span class='ocrx_word' id='word_1_153' title='bbox 229 1896 428 1975; x_wconf 86' lang='lat' dir='ltr'><strong>praecessisse</strong></span> <span class='ocrx_word' id='word_1_154' title='bbox 444 1895 620 1955; x_wconf 89' lang='lat' dir='ltr'><strong>crediderim.</strong></span> <span class='ocrx_word' id='word_1_155' title='bbox 655 1894 748 1955; x_wconf 91' lang='lat' dir='ltr'><strong>llabet</strong></span> <span class='ocrx_word' id='word_1_156' title='bbox 762 1896 813 1956; x_wconf 89' lang='lat' dir='ltr'><strong>has</strong></span> <span class='ocrx_word' id='word_1_157' title='bbox 827 1898 909 1956; x_wconf 85' lang='lat' dir='ltr'><strong>vices</strong></span> <span class='ocrx_word' id='word_1_158' title='bbox 932 1895 1055 1955; x_wconf 91' lang='lat' dir='ltr'><strong>conditio</strong></span> <span class='ocrx_word' id='word_1_159' title='bbox 1074 1893 1231 1955; x_wconf 87' lang='lat' dir='ltr'><strong>mortalium</strong></span> 
     </span>
     <span class='ocr_line' id='line_1_20' title="bbox 229 1976 1230 2056; baseline -0.002 -17"><span class='ocrx_word' id='word_1_160' title='bbox 229 1989 259 2039; x_wconf 90' lang='lat' dir='ltr'><strong>ut</strong></span> <span class='ocrx_word' id='word_1_161' title='bbox 273 1977 394 2039; x_wconf 86' lang='lat' dir='ltr'><strong>aduersa</strong></span> <span class='ocrx_word' id='word_1_162' title='bbox 408 1996 444 2038; x_wconf 86' lang='lat' dir='ltr'><strong>ex</strong></span> <span class='ocrx_word' id='word_1_163' title='bbox 455 1979 601 2056; x_wconf 89' lang='lat' dir='ltr'><strong>secundis,</strong></span> <span class='ocrx_word' id='word_1_164' title='bbox 618 1997 654 2039; x_wconf 90' lang='lat' dir='ltr'><strong>ex</strong></span> <span class='ocrx_word' id='word_1_165' title='bbox 668 1979 795 2040; x_wconf 88' lang='lat' dir='ltr'><strong>adversis</strong></span> <span class='ocrx_word' id='word_1_166' title='bbox 807 1979 932 2040; x_wconf 88' lang='lat' dir='ltr'><strong>secunda</strong></span> <span class='ocrx_word' id='word_1_167' title='bbox 943 1986 1102 2040; x_wconf 87' lang='lat' dir='ltr'><strong>nascantur.</strong></span> <span class='ocrx_word' id='word_1_168' title='bbox 1128 1976 1230 2038; x_wconf 89' lang='lat' dir='ltr'><strong>Occul-</strong></span> 
     </span>
     <span class='ocr_line' id='line_1_21' title="bbox 230 2061 1265 2143; baseline 0.002 -21"><span class='ocrx_word' id='word_1_169' title='bbox 230 2071 269 2122; x_wconf 87' lang='lat' dir='ltr'><strong>tat</strong></span> <span class='ocrx_word' id='word_1_170' title='bbox 289 2071 471 2139; x_wconf 90' lang='lat' dir='ltr'><strong>utrorumque</strong></span> <span class='ocrx_word' id='word_1_171' title='bbox 494 2064 602 2122; x_wconf 89' lang='lat' dir='ltr'><strong>semina</strong></span> <span class='ocrx_word' id='word_1_172' title='bbox 627 2062 715 2141; x_wconf 89' lang='lat' dir='ltr'><strong>deus,</strong></span> <span class='ocrx_word' id='word_1_173' title='bbox 741 2073 770 2124; x_wconf 91' lang='lat' dir='ltr'><strong>et</strong></span> <span class='ocrx_word' id='word_1_174' title='bbox 793 2063 961 2143; x_wconf 92' lang='lat' dir='ltr'><strong>plerumque</strong></span> <span class='ocrx_word' id='word_1_175' title='bbox 985 2063 1124 2123; x_wconf 91' lang='lat' dir='ltr'><strong>bonorum</strong></span> <span class='ocrx_word' id='word_1_176' title='bbox 1146 2061 1265 2124; x_wconf 80' lang='lat' dir='ltr'><strong>malobt</strong></span> 
     </span>
     <span class='ocr_line' id='line_1_22' title="bbox 198 2145 1231 2226; baseline -0.001 -21"><span class='ocrx_word' id='word_1_177' title='bbox 198 2155 346 2223; x_wconf 66' lang='lat' dir='ltr'><strong>§rumque</strong></span> <span class='ocrx_word' id='word_1_178' title='bbox 368 2162 471 2205; x_wconf 89' lang='lat' dir='ltr'><strong>causae</strong></span> <span class='ocrx_word' id='word_1_179' title='bbox 489 2146 542 2207; x_wconf 93' lang='lat' dir='ltr'><strong>sub</strong></span> <span class='ocrx_word' id='word_1_180' title='bbox 561 2145 674 2207; x_wconf 88' lang='lat' dir='ltr'><strong>diversa</strong></span> <span class='ocrx_word' id='word_1_181' title='bbox 693 2149 795 2226; x_wconf 90' lang='lat' dir='ltr'><strong>specie</strong></span> <span class='ocrx_word' id='word_1_182' title='bbox 819 2146 914 2208; x_wconf 88' lang='lat' dir='ltr'><strong>latent.</strong></span> <span class='ocrx_word' id='word_1_183' title='bbox 959 2145 1091 2224; x_wconf 82' lang='lat' dir='ltr'><strong>llagnum</strong></span> <span class='ocrx_word' id='word_1_184' title='bbox 1117 2145 1231 2224; x_wconf 90' lang='lat' dir='ltr'><strong>quidem</strong></span> 
     </span>
     <span class='ocr_line' id='line_1_23' title="bbox 231 2227 1231 2309; baseline 0.001 -20"><span class='ocrx_word' id='word_1_185' title='bbox 231 2227 301 2289; x_wconf 91' lang='lat' dir='ltr'><strong>illud</strong></span> <span class='ocrx_word' id='word_1_186' title='bbox 322 2227 439 2290; x_wconf 91' lang='lat' dir='ltr'><strong>saeculo</strong></span> <span class='ocrx_word' id='word_1_187' title='bbox 461 2228 605 2308; x_wconf 90' lang='lat' dir='ltr'><strong>dedecus,</strong></span> <span class='ocrx_word' id='word_1_188' title='bbox 629 2248 759 2308; x_wconf 77' lang='lat' dir='ltr'><strong>magnum</strong></span> <span class='ocrx_word' id='word_1_189' title='bbox 780 2233 821 2290; x_wconf 89' lang='lat' dir='ltr'><strong>rei</strong></span> <span class='ocrx_word' id='word_1_190' title='bbox 843 2230 975 2309; x_wconf 92' lang='lat' dir='ltr'><strong>publicae</strong></span> <span class='ocrx_word' id='word_1_191' title='bbox 996 2230 1098 2289; x_wconf 89' lang='lat' dir='ltr'><strong>uulnus</strong></span> <span class='ocrx_word' id='word_1_192' title='bbox 1121 2233 1231 2308; x_wconf 84' lang='lat' dir='ltr'><strong>inpres-</strong></span> 
     </span>
     <span class='ocr_line' id='line_1_24' title="bbox 229 2313 1269 2393; baseline -0.002 -18"><span class='ocrx_word' id='word_1_193' title='bbox 229 2332 292 2375; x_wconf 90' lang='lat' dir='ltr'><strong>sum</strong></span> <span class='ocrx_word' id='word_1_194' title='bbox 312 2321 371 2375; x_wconf 87' lang='lat' dir='ltr'><strong>est:</strong></span> <span class='ocrx_word' id='word_1_195' title='bbox 395 2315 548 2391; x_wconf 89' lang='lat' dir='ltr'><strong>imperator</strong></span> <span class='ocrx_word' id='word_1_196' title='bbox 568 2322 598 2373; x_wconf 89' lang='lat' dir='ltr'><strong>et</strong></span> <span class='ocrx_word' id='word_1_197' title='bbox 618 2332 722 2392; x_wconf 90' lang='lat' dir='ltr'><strong>parens</strong></span> <span class='ocrx_word' id='word_1_198' title='bbox 747 2317 863 2393; x_wconf 83' lang='lat' dir='ltr'><strong>generis</strong></span> <span class='ocrx_word' id='word_1_199' title='bbox 886 2315 995 2374; x_wconf 88' lang='lat' dir='ltr'><strong>humani</strong></span> <span class='ocrx_word' id='word_1_200' title='bbox 1021 2313 1163 2375; x_wconf 90' lang='lat' dir='ltr'><strong>obsessus</strong></span> <span class='ocrx_word' id='word_1_201' title='bbox 1187 2331 1230 2373; x_wconf 91' lang='lat' dir='ltr'><strong>ca·</strong></span> <span class='ocrx_word' id='word_1_202' title='bbox 1264 2375 1269 2384; x_wconf 74' lang='grc'>,</span> 
     </span>
     <span class='ocr_line' id='line_1_25' title="bbox 230 2396 1231 2476; baseline -0.002 -19"><span class='ocrx_word' id='word_1_203' title='bbox 230 2407 295 2476; x_wconf 91' lang='lat' dir='ltr'><strong>ptus</strong></span> <span class='ocrx_word' id='word_1_204' title='bbox 313 2396 455 2474; x_wconf 87' lang='lat' dir='ltr'><strong>inclusus,</strong></span> <span class='ocrx_word' id='word_1_205' title='bbox 470 2397 560 2458; x_wconf 89' lang='lat' dir='ltr'><strong>ablata</strong></span> <span class='ocrx_word' id='word_1_206' title='bbox 576 2399 723 2459; x_wconf 89' lang='lat' dir='ltr'><strong>mitissimo</strong></span> <span class='ocrx_word' id='word_1_207' title='bbox 736 2400 796 2459; x_wconf 89' lang='lat' dir='ltr'><strong>seni</strong></span> <span class='ocrx_word' id='word_1_208' title='bbox 810 2399 1012 2458; x_wconf 85' lang='lat' dir='ltr'><strong>servandorum</strong></span> <span class='ocrx_word' id='word_1_209' title='bbox 1026 2399 1169 2458; x_wconf 89' lang='lat' dir='ltr'><strong>hominurn</strong></span> <span class='ocrx_word' id='word_1_210' title='bbox 1182 2413 1231 2475; x_wconf 92' lang='lat' dir='ltr'><strong>po·</strong></span> 
     </span>
     <span class='ocr_line' id='line_1_26' title="bbox 228 2482 1266 2562; baseline -0.004 -20"><span class='ocrx_word' id='word_1_211' title='bbox 228 2490 335 2558; x_wconf 84' lang='lat' dir='ltr'><strong>testas,</strong></span> <span class='ocrx_word' id='word_1_212' title='bbox 364 2491 551 2559; x_wconf 91' lang='lat' dir='ltr'><strong>ereptumque</strong></span> <span class='ocrx_word' id='word_1_213' title='bbox 573 2483 692 2561; x_wconf 91' lang='lat' dir='ltr'><strong>principi</strong></span> <span class='ocrx_word' id='word_1_214' title='bbox 713 2482 781 2542; x_wconf 92' lang='lat' dir='ltr'><strong>illud</strong></span> <span class='ocrx_word' id='word_1_215' title='bbox 801 2483 829 2541; x_wconf 94' lang='lat' dir='ltr'><strong>in</strong></span> <span class='ocrx_word' id='word_1_216' title='bbox 852 2482 1011 2562; x_wconf 91' lang='lat' dir='ltr'><strong>principatu</strong></span> <span class='ocrx_word' id='word_1_217' title='bbox 1026 2482 1266 2556; x_wconf 46' lang='lat' dir='ltr'><strong>beatissimum&amp;</strong></span> 
     </span>
     <span class='ocr_line' id='line_1_27' title="bbox 230 2563 1232 2644; baseline 0.001 -21"><span class='ocrx_word' id='word_1_218' title='bbox 230 2564 305 2643; x_wconf 93' lang='lat' dir='ltr'><strong>qnod</strong></span> <span class='ocrx_word' id='word_1_219' title='bbox 321 2563 389 2623; x_wconf 88' lang='lat' dir='ltr'><strong>nihil</strong></span> <span class='ocrx_word' id='word_1_220' title='bbox 406 2567 527 2642; x_wconf 83' lang='lat' dir='ltr'><strong>cogitur.</strong></span> <span class='ocrx_word' id='word_1_221' title='bbox 563 2566 593 2624; x_wconf 89' lang='lat' dir='ltr'><strong>Si</strong></span> <span class='ocrx_word' id='word_1_222' title='bbox 609 2575 701 2626; x_wconf 91' lang='lat' dir='ltr'><strong>tamen</strong></span> <span class='ocrx_word' id='word_1_223' title='bbox 717 2565 788 2627; x_wconf 91' lang='lat' dir='ltr'><strong>haec</strong></span> <span class='ocrx_word' id='word_1_224' title='bbox 803 2565 864 2626; x_wconf 90' lang='lat' dir='ltr'><strong>sola</strong></span> <span class='ocrx_word' id='word_1_225' title='bbox 880 2576 940 2626; x_wconf 89' lang='lat' dir='ltr'><strong>erat</strong></span> <span class='ocrx_word' id='word_1_226' title='bbox 955 2568 1027 2626; x_wconf 93' lang='lat' dir='ltr'><strong>ratio</strong></span> <span class='ocrx_word' id='word_1_227' title='bbox 1042 2583 1115 2644; x_wconf 91' lang='lat' dir='ltr'><strong>quae</strong></span> <span class='ocrx_word' id='word_1_228' title='bbox 1134 2575 1165 2625; x_wconf 86' lang='lat' dir='ltr'><strong>ta</strong></span> <span class='ocrx_word' id='word_1_229' title='bbox 1183 2582 1232 2643; x_wconf 93' lang='lat' dir='ltr'><strong>pu·</strong></span> 
     </span>
     <span class='ocr_line' id='line_1_28' title="bbox 229 2647 1233 2728; baseline -0.001 -20"><span class='ocrx_word' id='word_1_230' title='bbox 229 2648 322 2708; x_wconf 89' lang='lat' dir='ltr'><strong>blicae</strong></span> <span class='ocrx_word' id='word_1_231' title='bbox 337 2647 435 2709; x_wconf 89' lang='lat' dir='ltr'><strong>salutis</strong></span> <span class='ocrx_word' id='word_1_232' title='bbox 452 2648 652 2726; x_wconf 82' lang='lat' dir='ltr'><strong>gubernaculis</strong></span> <span class='ocrx_word' id='word_1_233' title='bbox 667 2650 849 2726; x_wconf 81' lang='lat' dir='ltr'><strong>admoueret,</strong></span> <span class='ocrx_word' id='word_1_234' title='bbox 867 2667 959 2728; x_wconf 88' lang='lat' dir='ltr'><strong>prope</strong></span> <span class='ocrx_word' id='word_1_235' title='bbox 974 2658 1060 2710; x_wconf 89' lang='lat' dir='ltr'><strong>estut</strong></span> <span class='ocrx_word' id='word_1_236' title='bbox 1075 2649 1233 2708; x_wconf 86' lang='lat' dir='ltr'><strong>exclamem</strong></span> 
     </span>
     <span class='ocr_line' id='line_1_29' title="bbox 230 2730 1233 2812; baseline 0 -22"><span class='ocrx_word' id='word_1_237' title='bbox 230 2735 296 2791; x_wconf 90' lang='lat' dir='ltr'><strong>tanti</strong></span> <span class='ocrx_word' id='word_1_238' title='bbox 311 2732 411 2792; x_wconf 86' lang='lat' dir='ltr'><strong>luisse.</strong></span> <span class='ocrx_word' id='word_1_239' title='bbox 435 2730 574 2812; x_wconf 80' lang='lat' dir='ltr'><strong>corrupta</strong></span> <span class='ocrx_word' id='word_1_240' title='bbox 590 2741 635 2794; x_wconf 91' lang='lat' dir='ltr'><strong>cst</strong></span> <span class='ocrx_word' id='word_1_241' title='bbox 650 2732 799 2810; x_wconf 90' lang='lat' dir='ltr'><strong>disciplina</strong></span> <span class='ocrx_word' id='word_1_242' title='bbox 810 2743 984 2810; x_wconf 88' lang='lat' dir='ltr'><strong>castrorum,</strong></span> <span class='ocrx_word' id='word_1_243' title='bbox 1000 2743 1030 2793; x_wconf 93' lang='lat' dir='ltr'><strong>ut</strong></span> <span class='ocrx_word' id='word_1_244' title='bbox 1042 2742 1071 2791; x_wconf 94' lang='lat' dir='ltr'><strong>tu</strong></span> <span class='ocrx_word' id='word_1_245' title='bbox 1084 2743 1233 2794; x_wconf 89' lang='lat' dir='ltr'><strong>corrector</strong></span> 
     </span>
     <span class='ocr_line' id='line_1_30' title="bbox 229 2814 1233 2896; baseline 0 -22"><span class='ocrx_word' id='word_1_246' title='bbox 229 2814 449 2894; x_wconf 88' lang='lat' dir='ltr'><strong>emendatorque</strong></span> <span class='ocrx_word' id='word_1_247' title='bbox 465 2819 664 2894; x_wconf 62' lang='lat' dir='ltr'><strong>contingerem</strong></span> <span class='ocrx_word' id='word_1_248' title='bbox 679 2817 821 2877; x_wconf 89' lang='lat' dir='ltr'><strong>inductum</strong></span> <span class='ocrx_word' id='word_1_249' title='bbox 837 2820 991 2896; x_wconf 87' lang='lat' dir='ltr'><strong>pessimum</strong></span> <span class='ocrx_word' id='word_1_250' title='bbox 1006 2815 1188 2895; x_wconf 85' lang='lat' dir='ltr'><strong>exemplum,</strong></span> <span class='ocrx_word' id='word_1_251' title='bbox 1205 2825 1233 2875; x_wconf 90' lang='lat' dir='ltr'><strong>ut</strong></span> 
     </span>
     <span class='ocr_line' id='line_1_31' title="bbox 229 2899 1268 2980; baseline 0.003 -24"><span class='ocrx_word' id='word_1_252' title='bbox 229 2899 365 2975; x_wconf 90' lang='lat' dir='ltr'><strong>optimum</strong></span> <span class='ocrx_word' id='word_1_253' title='bbox 378 2908 586 2977; x_wconf 90' lang='lat' dir='ltr'><strong>opponeretur;</strong></span> <span class='ocrx_word' id='word_1_254' title='bbox 611 2911 758 2980; x_wconf 89' lang='lat' dir='ltr'><strong>postremo</strong></span> <span class='ocrx_word' id='word_1_255' title='bbox 776 2911 894 2961; x_wconf 89' lang='lat' dir='ltr'><strong>coactus</strong></span> <span class='ocrx_word' id='word_1_256' title='bbox 909 2902 1045 2979; x_wconf 88' lang='lat' dir='ltr'><strong>princeps</strong></span> <span class='ocrx_word' id='word_1_257' title='bbox 1060 2917 1136 2978; x_wconf 92' lang='lat' dir='ltr'><strong>quos</strong></span> <span class='ocrx_word' id='word_1_258' title='bbox 1151 2900 1268 2960; x_wconf 82' lang='lat' dir='ltr'><strong>nole-tt</strong></span> 
     </span>
     <span class='ocr_line' id='line_1_32' title="bbox 168 2981 1234 3064; baseline 0.001 -24"><span class='ocrx_word' id='word_1_259' title='bbox 168 3052 171 3056; x_wconf 21' lang='lat'>¹</span> <span class='ocrx_word' id='word_1_260' title='bbox 228 2981 276 3041; x_wconf 91' lang='lat' dir='ltr'><strong>bat</strong></span> <span class='ocrx_word' id='word_1_261' title='bbox 292 2981 443 3058; x_wconf 90' lang='lat' dir='ltr'><strong>occidere,</strong></span> <span class='ocrx_word' id='word_1_262' title='bbox 469 2991 500 3042; x_wconf 91' lang='lat' dir='ltr'><strong>ut</strong></span> <span class='ocrx_word' id='word_1_263' title='bbox 515 2982 595 3042; x_wconf 88' lang='lat' dir='ltr'><strong>daret</strong></span> <span class='ocrx_word' id='word_1_264' title='bbox 617 2985 775 3063; x_wconf 90' lang='lat' dir='ltr'><strong>principem</strong></span> <span class='ocrx_word' id='word_1_265' title='bbox 790 2985 837 3064; x_wconf 92' lang='lat' dir='ltr'><strong>qui</strong></span> <span class='ocrx_word' id='word_1_266' title='bbox 855 2987 920 3062; x_wconf 70' lang='lat' dir='ltr'><strong>cogi</strong></span> <span class='ocrx_word' id='word_1_267' title='bbox 936 3002 992 3043; x_wconf 92' lang='lat' dir='ltr'><strong>non</strong></span> <span class='ocrx_word' id='word_1_268' title='bbox 1006 2993 1116 3062; x_wconf 89' lang='lat' dir='ltr'><strong>posset.</strong></span> <span class='ocrx_word' id='word_1_269' title='bbox 1158 2983 1234 3043; x_wconf 91' lang='lat' dir='ltr'><strong>0lim</strong></span> 
     </span>
     <span class='ocr_line' id='line_1_33' title="bbox 228 3064 1233 3146; baseline -0.002 -20"><span class='ocrx_word' id='word_1_270' title='bbox 228 3074 258 3126; x_wconf 91' lang='lat' dir='ltr'><strong>tu</strong></span> <span class='ocrx_word' id='word_1_271' title='bbox 277 3065 389 3144; x_wconf 93' lang='lat' dir='ltr'><strong>quidem</strong></span> <span class='ocrx_word' id='word_1_272' title='bbox 411 3064 539 3143; x_wconf 88' lang='lat' dir='ltr'><strong>adoptari</strong></span> <span class='ocrx_word' id='word_1_273' title='bbox 559 3069 722 3136; x_wconf 82' lang='lat' dir='ltr'><strong>merebere:</strong></span> <span class='ocrx_word' id='word_1_274' title='bbox 748 3069 800 3129; x_wconf 89' lang='lat' dir='ltr'><strong>sed</strong></span> <span class='ocrx_word' id='word_1_275' title='bbox 820 3069 1014 3130; x_wconf 80' lang='lat' dir='ltr'><strong>rescissemus</strong></span> <span class='ocrx_word' id='word_1_276' title='bbox 1031 3076 1164 3146; x_wconf 88' lang='lat' dir='ltr'><strong>quantum</strong></span> <span class='ocrx_word' id='word_1_277' title='bbox 1181 3068 1233 3128; x_wconf 90' lang='lat' dir='ltr'><strong>tibi</strong></span> 
     </span>
     <span class='ocr_line' id='line_1_34' title="bbox 228 3148 1235 3230; baseline 0.001 -21"><span class='ocrx_word' id='word_1_278' title='bbox 228 3148 348 3210; x_wconf 90' lang='lat' dir='ltr'><strong>deberet</strong></span> <span class='ocrx_word' id='word_1_279' title='bbox 367 3151 530 3229; x_wconf 88' lang='lat' dir='ltr'><strong>imperium,</strong></span> <span class='ocrx_word' id='word_1_280' title='bbox 559 3153 583 3212; x_wconf 90' lang='lat' dir='ltr'><strong>si</strong></span> <span class='ocrx_word' id='word_1_281' title='bbox 603 3161 668 3212; x_wconf 88' lang='lat' dir='ltr'><strong>ante</strong></span> <span class='ocrx_word' id='word_1_282' title='bbox 682 3152 831 3230; x_wconf 88' lang='lat' dir='ltr'><strong>adoptatus</strong></span> <span class='ocrx_word' id='word_1_283' title='bbox 849 3169 943 3212; x_wconf 89' lang='lat' dir='ltr'><strong>esses.</strong></span> <span class='ocrx_word' id='word_1_284' title='bbox 979 3151 1171 3228; x_wconf 81' lang='lat' dir='ltr'><strong>Expectatum</strong></span> <span class='ocrx_word' id='word_1_285' title='bbox 1188 3160 1235 3210; x_wconf 88' lang='lat' dir='ltr'><strong>est</strong></span> 
     </span>
     <span class='ocr_line' id='line_1_35' title="bbox 228 3233 1234 3314; baseline -0.002 -20"><span class='ocrx_word' id='word_1_286' title='bbox 228 3243 340 3311; x_wconf 90' lang='lat' dir='ltr'><strong>tempus</strong></span> <span class='ocrx_word' id='word_1_287' title='bbox 355 3251 411 3312; x_wconf 92' lang='lat' dir='ltr'><strong>quo</strong></span> <span class='ocrx_word' id='word_1_288' title='bbox 426 3233 548 3314; x_wconf 75' lang='lat' dir='ltr'><strong>liqueret</strong></span> <span class='ocrx_word' id='word_1_289' title='bbox 561 3253 617 3294; x_wconf 93' lang='lat' dir='ltr'><strong>nun</strong></span> <span class='ocrx_word' id='word_1_290' title='bbox 632 3246 687 3296; x_wconf 92' lang='lat' dir='ltr'><strong>tum</strong></span> <span class='ocrx_word' id='word_1_291' title='bbox 699 3238 849 3311; x_wconf 88' lang='lat' dir='ltr'><strong>accepisse</strong></span> <span class='ocrx_word' id='word_1_292' title='bbox 862 3245 890 3296; x_wconf 93' lang='lat' dir='ltr'><strong>te</strong></span> <span class='ocrx_word' id='word_1_293' title='bbox 903 3236 1072 3295; x_wconf 89' lang='lat' dir='ltr'><strong>benelicium</strong></span> <span class='ocrx_word' id='word_1_294' title='bbox 1084 3252 1167 3312; x_wconf 88' lang='lat' dir='ltr'><strong>quarn</strong></span> <span class='ocrx_word' id='word_1_295' title='bbox 1184 3234 1234 3294; x_wconf 92' lang='lat' dir='ltr'><strong>de·</strong></span> 
     </span>
     <span class='ocr_line' id='line_1_36' title="bbox 228 3316 1267 3397; baseline -0.001 -21"><span class='ocrx_word' id='word_1_296' title='bbox 228 3316 314 3379; x_wconf 85' lang='lat' dir='ltr'><strong>disse.</strong></span> <span class='ocrx_word' id='word_1_297' title='bbox 338 3316 473 3396; x_wconf 83' lang='lat' dir='ltr'><strong>Confugit</strong></span> <span class='ocrx_word' id='word_1_298' title='bbox 484 3322 510 3378; x_wconf 91' lang='lat' dir='ltr'><strong>in</strong></span> <span class='ocrx_word' id='word_1_299' title='bbox 523 3321 613 3380; x_wconf 87' lang='lat' dir='ltr'><strong>sinum</strong></span> <span class='ocrx_word' id='word_1_300' title='bbox 629 3329 706 3378; x_wconf 88' lang='lat' dir='ltr'><strong>tuuru</strong></span> <span class='ocrx_word' id='word_1_301' title='bbox 718 3337 857 3381; x_wconf 90' lang='lat' dir='ltr'><strong>concussu</strong></span> <span class='ocrx_word' id='word_1_302' title='bbox 870 3338 919 3380; x_wconf 92' lang='lat' dir='ltr'><strong>res</strong></span> <span class='ocrx_word' id='word_1_303' title='bbox 935 3318 1067 3396; x_wconf 90' lang='lat' dir='ltr'><strong>publica,</strong></span> <span class='ocrx_word' id='word_1_304' title='bbox 1084 3323 1267 3397; x_wconf 70' lang='lat' dir='ltr'><strong>ruensquett</strong></span> 
     </span>
    </p>
   </div>
   <div class='ocr_carea' id='block_1_3' title="bbox 226 3401 1231 3648">
    <p class='ocr_par' dir='ltr' id='par_1_3' title="bbox 226 3401 1231 3648">
     <span class='ocr_line' id='line_1_37' title="bbox 226 3401 1231 3483; baseline 0.004 -24"><span class='ocrx_word' id='word_1_305' title='bbox 226 3403 374 3478; x_wconf 90' lang='lat' dir='ltr'><strong>imperium</strong></span> <span class='ocrx_word' id='word_1_306' title='bbox 389 3420 478 3480; x_wconf 92' lang='lat' dir='ltr'><strong>super</strong></span> <span class='ocrx_word' id='word_1_307' title='bbox 488 3405 686 3482; x_wconf 88' lang='lat' dir='ltr'><strong>imperatorem</strong></span> <span class='ocrx_word' id='word_1_308' title='bbox 701 3405 878 3483; x_wconf 90' lang='lat' dir='ltr'><strong>imperatoris</strong></span> <span class='ocrx_word' id='word_1_309' title='bbox 891 3405 942 3464; x_wconf 93' lang='lat' dir='ltr'><strong>tibi</strong></span> <span class='ocrx_word' id='word_1_310' title='bbox 953 3420 1028 3462; x_wconf 85' lang='lat' dir='ltr'><strong>voce</strong></span> <span class='ocrx_word' id='word_1_311' title='bbox 1039 3401 1163 3462; x_wconf 93' lang='lat' dir='ltr'><strong>delatum</strong></span> <span class='ocrx_word' id='word_1_312' title='bbox 1175 3411 1231 3463; x_wconf 76' lang='lat' dir='ltr'><strong>est</strong></span> 
     </span>
     <span class='ocr_line' id='line_1_38' title="bbox 226 3483 1231 3564; baseline 0.004 -22"><span class='ocrx_word' id='word_1_313' title='bbox 226 3483 386 3560; x_wconf 93' lang='lat' dir='ltr'><strong>lnploratus</strong></span> <span class='ocrx_word' id='word_1_314' title='bbox 401 3484 553 3562; x_wconf 86' lang='lat' dir='ltr'><strong>adoptione</strong></span> <span class='ocrx_word' id='word_1_315' title='bbox 570 3497 600 3546; x_wconf 93' lang='lat' dir='ltr'><strong>et</strong></span> <span class='ocrx_word' id='word_1_316' title='bbox 611 3489 720 3547; x_wconf 89' lang='lat' dir='ltr'><strong>accitus</strong></span> <span class='ocrx_word' id='word_1_317' title='bbox 735 3506 782 3564; x_wconf 89' lang='lat' dir='ltr'><strong>es,</strong></span> <span class='ocrx_word' id='word_1_318' title='bbox 806 3496 836 3547; x_wconf 90' lang='lat' dir='ltr'><strong>ut</strong></span> <span class='ocrx_word' id='word_1_319' title='bbox 850 3486 917 3546; x_wconf 90' lang='lat' dir='ltr'><strong>olim</strong></span> <span class='ocrx_word' id='word_1_320' title='bbox 934 3487 1023 3547; x_wconf 89' lang='lat' dir='ltr'><strong>duces</strong></span> <span class='ocrx_word' id='word_1_321' title='bbox 1037 3487 1132 3562; x_wconf 83' lang='lat' dir='ltr'><strong>magni</strong></span> <span class='ocrx_word' id='word_1_322' title='bbox 1147 3503 1162 3546; x_wconf 89' lang='lat' dir='ltr'><strong>u</strong></span> <span class='ocrx_word' id='word_1_323' title='bbox 1179 3505 1231 3564; x_wconf 92' lang='lat' dir='ltr'><strong>pe·</strong></span> 
     </span>
     <span class='ocr_line' id='line_1_39' title="bbox 226 3566 1231 3648; baseline 0.007 -27"><span class='ocrx_word' id='word_1_324' title='bbox 226 3566 348 3639; x_wconf 79' lang='lat' dir='ltr'><strong>regrinis</strong></span> <span class='ocrx_word' id='word_1_325' title='bbox 364 3569 546 3646; x_wconf 85' lang='lat' dir='ltr'><strong>externisque</strong></span> <span class='ocrx_word' id='word_1_326' title='bbox 562 3569 646 3628; x_wconf 91' lang='lat' dir='ltr'><strong>bellis</strong></span> <span class='ocrx_word' id='word_1_327' title='bbox 662 3570 695 3629; x_wconf 95' lang='lat' dir='ltr'><strong>ad</strong></span> <span class='ocrx_word' id='word_1_328' title='bbox 710 3587 797 3648; x_wconf 90' lang='lat' dir='ltr'><strong>opem</strong></span> <span class='ocrx_word' id='word_1_329' title='bbox 811 3572 920 3644; x_wconf 88' lang='lat' dir='ltr'><strong>patriae</strong></span> <span class='ocrx_word' id='word_1_330' title='bbox 939 3568 1085 3630; x_wconf 87' lang='lat' dir='ltr'><strong>ierendam</strong></span> <span class='ocrx_word' id='word_1_331' title='bbox 1098 3571 1231 3630; x_wconf 84' lang='lat' dir='ltr'><strong>revocari</strong></span> 
     </span>
    </p>
   </div>
   <div class='ocr_carea' id='block_1_4' title="bbox 0 0 1312 4100">
    <p class='ocr_par' dir='ltr' id='par_1_4' title="bbox 0 0 1312 4100">
     <span class='ocr_line' id='line_1_40' title="bbox 0 0 1312 4100; baseline 0 0"><span class='ocrx_word' id='word_1_332' title='bbox 0 0 1312 4100; x_wconf 95' lang='lat' dir='ltr'><strong> </strong></span> 
     </span>
    </p>
   </div>
  </div>
 </body>
</html>
