<?xml version="1.0" encoding="UTF-8"?>
<!DOCTYPE html PUBLIC "-//W3C//DTD XHTML 1.0 Transitional//EN"
    "http://www.w3.org/TR/xhtml1/DTD/xhtml1-transitional.dtd">
<html xmlns="http://www.w3.org/1999/xhtml" xml:lang="en" lang="en">
 <head>
  <title>
</title>
<meta http-equiv="Content-Type" content="text/html;charset=utf-8" />
  <meta name='ocr-system' content='tesseract 3.04.00' />
  <meta name='ocr-capabilities' content='ocr_page ocr_carea ocr_par ocr_line ocrx_word'/>
</head>
<body>
  <div class='ocr_page' id='page_1' title='image "./epistularumlibr00plingoog_0171.png"; bbox 0 0 2616 4096; ppageno 0'>
   <div class='ocr_carea' id='block_1_1' title="bbox 213 225 786 299">
    <p class='ocr_par' dir='ltr' id='par_1_1' title="bbox 213 225 786 299">
     <span class='ocr_line' id='line_1_1' title="bbox 213 225 786 299; baseline -0.023 -1"><span class='ocrx_word' id='word_1_1' title='bbox 213 229 276 299; x_wconf 72' lang='lat'><strong>144</strong></span> <span class='ocrx_word' id='word_1_2' title='bbox 632 225 666 287; x_wconf 80' lang='grc'><strong>0.</strong></span> <span class='ocrx_word' id='word_1_3' title='bbox 689 225 786 288; x_wconf 86' lang='lat' dir='ltr'><strong>Plle</strong></span> 
     </span>
    </p>
   </div>
   <div class='ocr_carea' id='block_1_2' title="bbox 181 375 1264 3214">
    <p class='ocr_par' dir='ltr' id='par_1_2' title="bbox 181 375 1264 3214">
     <span class='ocr_line' id='line_1_2' title="bbox 213 375 1217 454; baseline -0.004 -12"><span class='ocrx_word' id='word_1_4' title='bbox 213 380 383 442; x_wconf 87' lang='lat' dir='ltr'><strong>mandantur.</strong></span> <span class='ocrx_word' id='word_1_5' title='bbox 407 377 472 452; x_wconf 83' lang='lat' dir='ltr'><strong>Quo</strong></span> <span class='ocrx_word' id='word_1_6' title='bbox 488 395 605 438; x_wconf 89' lang='lat' dir='ltr'><strong>munere</strong></span> <span class='ocrx_word' id='word_1_7' title='bbox 620 376 724 438; x_wconf 79' lang='lat' dir='ltr'><strong>Fannia</strong></span> <span class='ocrx_word' id='word_1_8' title='bbox 739 377 804 438; x_wconf 90' lang='lat' dir='ltr'><strong>dum</strong></span> <span class='ocrx_word' id='word_1_9' title='bbox 818 376 919 438; x_wconf 91' lang='lat' dir='ltr'><strong>sedulo</strong></span> <span class='ocrx_word' id='word_1_10' title='bbox 933 377 1071 454; x_wconf 75' lang='lat' dir='ltr'><strong>iungitur,</strong></span> <span class='ocrx_word' id='word_1_11' title='bbox 1087 377 1145 437; x_wconf 88' lang='lat' dir='ltr'><strong>hoc</strong></span> <span class='ocrx_word' id='word_1_12' title='bbox 1160 375 1217 438; x_wconf 86' lang='lat' dir='ltr'><strong>dis·</strong></span> 
     </span>
     <span class='ocr_line' id='line_1_3' title="bbox 190 460 1218 540; baseline -0.011 -10"><span class='ocrx_word' id='word_1_13' title='bbox 190 465 332 530; x_wconf 72' lang='lat' dir='ltr'><strong>terimine</strong></span> <span class='ocrx_word' id='word_1_14' title='bbox 349 463 475 540; x_wconf 87' lang='lat' dir='ltr'><strong>inplicita</strong></span> <span class='ocrx_word' id='word_1_15' title='bbox 489 471 544 522; x_wconf 88' lang='lat' dir='ltr'><strong>est.</strong></span> <span class='ocrx_word' id='word_1_16' title='bbox 579 460 705 522; x_wconf 77' lang='lat' dir='ltr'><strong>Insident</strong></span> <span class='ocrx_word' id='word_1_17' title='bbox 720 460 829 538; x_wconf 79' lang='lat' dir='ltr'><strong>febres,</strong></span> <span class='ocrx_word' id='word_1_18' title='bbox 844 463 931 522; x_wconf 91' lang='lat' dir='ltr'><strong>tussis</strong></span> <span class='ocrx_word' id='word_1_19' title='bbox 944 461 1093 538; x_wconf 86' lang='lat' dir='ltr'><strong>increscit,</strong></span> <span class='ocrx_word' id='word_1_20' title='bbox 1110 477 1218 521; x_wconf 88' lang='lat' dir='ltr'><strong>summa</strong></span> 
     </span>
     <span class='ocr_line' id='line_1_4' title="bbox 216 541 1219 624; baseline -0.007 -16"><span class='ocrx_word' id='word_1_21' title='bbox 216 549 333 624; x_wconf 86' lang='lat' dir='ltr'><strong>macies,</strong></span> <span class='ocrx_word' id='word_1_22' title='bbox 349 564 456 607; x_wconf 88' lang='lat' dir='ltr'><strong>summa</strong></span> <span class='ocrx_word' id='word_1_23' title='bbox 473 545 615 606; x_wconf 88' lang='lat' dir='ltr'><strong>deiectio:</strong></span> <span class='ocrx_word' id='word_1_24' title='bbox 632 546 739 606; x_wconf 89' lang='lat' dir='ltr'><strong>animus</strong></span> <span class='ocrx_word' id='word_1_25' title='bbox 756 553 861 604; x_wconf 89' lang='lat' dir='ltr'><strong>tantum</strong></span> <span class='ocrx_word' id='word_1_26' title='bbox 877 553 907 605; x_wconf 90' lang='lat' dir='ltr'><strong>et</strong></span> <span class='ocrx_word' id='word_1_27' title='bbox 921 545 1038 622; x_wconf 91' lang='lat' dir='ltr'><strong>spiritus</strong></span> <span class='ocrx_word' id='word_1_28' title='bbox 1053 546 1135 620; x_wconf 71' lang='lat' dir='ltr'><strong>viget</strong></span> <span class='ocrx_word' id='word_1_29' title='bbox 1150 541 1219 604; x_wconf 82' lang='lat' dir='ltr'><strong>tlal-</strong></span> 
     </span>
     <span class='ocr_line' id='line_1_5' title="bbox 215 625 1219 707; baseline -0.005 -16"><span class='ocrx_word' id='word_1_30' title='bbox 215 632 293 692; x_wconf 84' lang='lat' dir='ltr'><strong>vidio</strong></span> <span class='ocrx_word' id='word_1_31' title='bbox 307 632 417 706; x_wconf 86' lang='lat' dir='ltr'><strong>marito,</strong></span> <span class='ocrx_word' id='word_1_32' title='bbox 433 627 557 689; x_wconf 76' lang='lat' dir='ltr'><strong>Thrasea</strong></span> <span class='ocrx_word' id='word_1_33' title='bbox 571 637 652 707; x_wconf 89' lang='lat' dir='ltr'><strong>patre</strong></span> <span class='ocrx_word' id='word_1_34' title='bbox 667 626 865 705; x_wconf 62' lang='lat' dir='ltr'><strong>dignissimum</strong></span> <span class='ocrx_word' id='word_1_35' title='bbox 884 625 995 705; x_wconf 92' lang='lat' dir='ltr'><strong>reliqua</strong></span> <span class='ocrx_word' id='word_1_36' title='bbox 1012 626 1144 687; x_wconf 87' lang='lat' dir='ltr'><strong>labuntur</strong></span> <span class='ocrx_word' id='word_1_37' title='bbox 1159 645 1219 686; x_wconf 86' lang='lat' dir='ltr'><strong>me·</strong></span> 
     </span>
     <span class='ocr_line' id='line_1_6' title="bbox 190 708 1244 794; baseline -0.004 -20"><span class='ocrx_word' id='word_1_38' title='bbox 190 726 272 794; x_wconf 75' lang='lat' dir='ltr'><strong>tque</strong></span> <span class='ocrx_word' id='word_1_39' title='bbox 292 731 348 774; x_wconf 87' lang='lat' dir='ltr'><strong>non</strong></span> <span class='ocrx_word' id='word_1_40' title='bbox 367 722 444 772; x_wconf 88' lang='lat' dir='ltr'><strong>metu</strong></span> <span class='ocrx_word' id='word_1_41' title='bbox 461 721 566 772; x_wconf 91' lang='lat' dir='ltr'><strong>tantum</strong></span> <span class='ocrx_word' id='word_1_42' title='bbox 585 729 684 770; x_wconf 88' lang='lat' dir='ltr'><strong>varum</strong></span> <span class='ocrx_word' id='word_1_43' title='bbox 704 712 787 770; x_wconf 87' lang='lat' dir='ltr'><strong>etiam</strong></span> <span class='ocrx_word' id='word_1_44' title='bbox 808 709 908 771; x_wconf 85' lang='lat' dir='ltr'><strong>dolore</strong></span> <span class='ocrx_word' id='word_1_45' title='bbox 929 710 1089 772; x_wconf 85' lang='lat' dir='ltr'><strong>conficiunt</strong></span> <span class='ocrx_word' id='word_1_46' title='bbox 1121 708 1244 770; x_wconf 72' lang='lat' dir='ltr'><strong>Dolens</strong></span> 
     </span>
     <span class='ocr_line' id='line_1_7' title="bbox 216 791 1222 874; baseline -0.006 -16"><span class='ocrx_word' id='word_1_47' title='bbox 216 800 291 858; x_wconf 92' lang='lat' dir='ltr'><strong>enim</strong></span> <span class='ocrx_word' id='word_1_48' title='bbox 307 797 437 856; x_wconf 80' lang='lat' dir='ltr'><strong>feminam</strong></span> <span class='ocrx_word' id='word_1_49' title='bbox 452 796 599 854; x_wconf 84' lang='lat' dir='ltr'><strong>maximam</strong></span> <span class='ocrx_word' id='word_1_50' title='bbox 613 796 685 874; x_wconf 89' lang='lat' dir='ltr'><strong>eripi</strong></span> <span class='ocrx_word' id='word_1_51' title='bbox 701 793 794 855; x_wconf 92' lang='lat' dir='ltr'><strong>oculis</strong></span> <span class='ocrx_word' id='word_1_52' title='bbox 806 795 940 870; x_wconf 83' lang='lat' dir='ltr'><strong>ciuitatis,</strong></span> <span class='ocrx_word' id='word_1_53' title='bbox 953 795 1054 854; x_wconf 88' lang='lat' dir='ltr'><strong>nescio</strong></span> <span class='ocrx_word' id='word_1_54' title='bbox 1066 811 1101 854; x_wconf 91' lang='lat' dir='ltr'><strong>an</strong></span> <span class='ocrx_word' id='word_1_55' title='bbox 1111 791 1222 872; x_wconf 90' lang='lat' dir='ltr'><strong>aliquid</strong></span> 
     </span>
     <span class='ocr_line' id='line_1_8' title="bbox 218 876 1222 955; baseline -0.006 -13"><span class='ocrx_word' id='word_1_56' title='bbox 218 878 310 942; x_wconf 91' lang='lat' dir='ltr'><strong>simile</strong></span> <span class='ocrx_word' id='word_1_57' title='bbox 324 881 436 940; x_wconf 87' lang='lat' dir='ltr'><strong>visuris.</strong></span> <span class='ocrx_word' id='word_1_58' title='bbox 469 876 549 951; x_wconf 83' lang='lat' dir='ltr'><strong>Quae</strong></span> <span class='ocrx_word' id='word_1_59' title='bbox 565 879 679 939; x_wconf 89' lang='lat' dir='ltr'><strong>castitas</strong></span> <span class='ocrx_word' id='word_1_60' title='bbox 694 877 749 938; x_wconf 92' lang='lat' dir='ltr'><strong>illi!</strong></span> <span class='ocrx_word' id='word_1_61' title='bbox 773 895 845 955; x_wconf 88' lang='lat' dir='ltr'><strong>quac</strong></span> <span class='ocrx_word' id='word_1_62' title='bbox 866 877 1014 938; x_wconf 89' lang='lat' dir='ltr'><strong>sanctitas!</strong></span> <span class='ocrx_word' id='word_1_63' title='bbox 1036 886 1141 955; x_wconf 88' lang='lat' dir='ltr'><strong>quanta</strong></span> <span class='ocrx_word' id='word_1_64' title='bbox 1153 895 1222 954; x_wconf 79' lang='lat' dir='ltr'><strong>gra·</strong></span> 
     </span>
     <span class='ocr_line' id='line_1_9' title="bbox 217 959 1220 1040; baseline -0.003 -17"><span class='ocrx_word' id='word_1_65' title='bbox 217 961 302 1024; x_wconf 89' lang='lat' dir='ltr'><strong>vitas!</strong></span> <span class='ocrx_word' id='word_1_66' title='bbox 327 971 429 1040; x_wconf 89' lang='lat' dir='ltr'><strong>quanta</strong></span> <span class='ocrx_word' id='word_1_67' title='bbox 452 961 622 1022; x_wconf 86' lang='lat' dir='ltr'><strong>constantia!</strong></span> <span class='ocrx_word' id='word_1_68' title='bbox 644 960 693 1022; x_wconf 91' lang='lat' dir='ltr'><strong>Bis</strong></span> <span class='ocrx_word' id='word_1_69' title='bbox 712 962 838 1022; x_wconf 87' lang='lat' dir='ltr'><strong>maritum</strong></span> <span class='ocrx_word' id='word_1_70' title='bbox 858 970 957 1022; x_wconf 89' lang='lat' dir='ltr'><strong>secuta</strong></span> <span class='ocrx_word' id='word_1_71' title='bbox 973 961 1002 1020; x_wconf 89' lang='lat' dir='ltr'><strong>in</strong></span> <span class='ocrx_word' id='word_1_72' title='bbox 1024 959 1142 1020; x_wconf 88' lang='lat' dir='ltr'><strong>exilium</strong></span> <span class='ocrx_word' id='word_1_73' title='bbox 1161 969 1220 1035; x_wconf 85' lang='lat' dir='ltr'><strong>est,</strong></span> 
     </span>
     <span class='ocr_line' id='line_1_10' title="bbox 192 1042 1222 1125; baseline -0.006 -15"><span class='ocrx_word' id='word_1_74' title='bbox 192 1048 301 1110; x_wconf 71' lang='lat' dir='ltr'><strong>stertio</strong></span> <span class='ocrx_word' id='word_1_75' title='bbox 319 1048 381 1125; x_wconf 92' lang='lat' dir='ltr'><strong>ipsa</strong></span> <span class='ocrx_word' id='word_1_76' title='bbox 396 1053 515 1124; x_wconf 89' lang='lat' dir='ltr'><strong>propter</strong></span> <span class='ocrx_word' id='word_1_77' title='bbox 530 1046 657 1104; x_wconf 82' lang='lat' dir='ltr'><strong>maritrrm</strong></span> <span class='ocrx_word' id='word_1_78' title='bbox 677 1043 815 1123; x_wconf 80' lang='lat' dir='ltr'><strong>relegata.</strong></span> <span class='ocrx_word' id='word_1_79' title='bbox 842 1042 913 1104; x_wconf 89' lang='lat' dir='ltr'><strong>Nam</strong></span> <span class='ocrx_word' id='word_1_80' title='bbox 931 1061 995 1104; x_wconf 89' lang='lat' dir='ltr'><strong>cum</strong></span> <span class='ocrx_word' id='word_1_81' title='bbox 1011 1044 1136 1105; x_wconf 76' lang='lat' dir='ltr'><strong>Senecio</strong></span> <span class='ocrx_word' id='word_1_82' title='bbox 1150 1061 1222 1104; x_wconf 87' lang='lat' dir='ltr'><strong>reus</strong></span> 
     </span>
     <span class='ocr_line' id='line_1_11' title="bbox 218 1127 1259 1209; baseline -0.004 -17"><span class='ocrx_word' id='word_1_83' title='bbox 218 1137 314 1205; x_wconf 83' lang='lat' dir='ltr'><strong>essct,</strong></span> <span class='ocrx_word' id='word_1_84' title='bbox 330 1128 406 1209; x_wconf 92' lang='lat' dir='ltr'><strong>quod</strong></span> <span class='ocrx_word' id='word_1_85' title='bbox 422 1128 457 1190; x_wconf 89' lang='lat' dir='ltr'><strong>de</strong></span> <span class='ocrx_word' id='word_1_86' title='bbox 474 1131 532 1188; x_wconf 90' lang='lat' dir='ltr'><strong>vita</strong></span> <span class='ocrx_word' id='word_1_87' title='bbox 548 1127 660 1189; x_wconf 85' lang='lat' dir='ltr'><strong>Helvidi</strong></span> <span class='ocrx_word' id='word_1_88' title='bbox 675 1128 763 1189; x_wconf 86' lang='lat' dir='ltr'><strong>libros</strong></span> <span class='ocrx_word' id='word_1_89' title='bbox 779 1129 1007 1207; x_wconf 78' lang='lat' dir='ltr'><strong>composuisset,</strong></span> <span class='ocrx_word' id='word_1_90' title='bbox 1029 1136 1220 1205; x_wconf 78' lang='lat' dir='ltr'><strong>rogatumque</strong></span> <span class='ocrx_word' id='word_1_91' title='bbox 1230 1140 1259 1192; x_wconf 81' lang='grc' dir='ltr'><strong>ιο</strong></span> 
     </span>
     <span class='ocr_line' id='line_1_12' title="bbox 218 1208 1221 1289; baseline -0.004 -15"><span class='ocrx_word' id='word_1_92' title='bbox 218 1233 251 1274; x_wconf 86' lang='lat' dir='ltr'><strong>se</strong></span> <span class='ocrx_word' id='word_1_93' title='bbox 267 1231 283 1273; x_wconf 88' lang='lat' dir='ltr'><strong>a</strong></span> <span class='ocrx_word' id='word_1_94' title='bbox 297 1212 401 1274; x_wconf 77' lang='lat' dir='ltr'><strong>Fannia</strong></span> <span class='ocrx_word' id='word_1_95' title='bbox 415 1215 443 1272; x_wconf 89' lang='lat' dir='ltr'><strong>in</strong></span> <span class='ocrx_word' id='word_1_96' title='bbox 458 1212 624 1274; x_wconf 84' lang='lat' dir='ltr'><strong>defensione</strong></span> <span class='ocrx_word' id='word_1_97' title='bbox 638 1211 773 1288; x_wconf 71' lang='lat' dir='ltr'><strong>dixisset,</strong></span> <span class='ocrx_word' id='word_1_98' title='bbox 795 1220 951 1289; x_wconf 82' lang='lat' dir='ltr'><strong>quaerente</strong></span> <span class='ocrx_word' id='word_1_99' title='bbox 967 1212 1113 1272; x_wconf 85' lang='lat' dir='ltr'><strong>minaciter</strong></span> <span class='ocrx_word' id='word_1_100' title='bbox 1128 1208 1221 1270; x_wconf 77' lang='lat' dir='ltr'><strong>dietis</strong></span> 
     </span>
     <span class='ocr_line' id='line_1_13' title="bbox 219 1294 1221 1374; baseline -0.004 -16"><span class='ocrx_word' id='word_1_101' title='bbox 219 1296 293 1358; x_wconf 78' lang='lat' dir='ltr'><strong>Caro</strong></span> <span class='ocrx_word' id='word_1_102' title='bbox 316 1316 351 1357; x_wconf 90' lang='lat' dir='ltr'><strong>an</strong></span> <span class='ocrx_word' id='word_1_103' title='bbox 367 1305 500 1374; x_wconf 81' lang='lat' dir='ltr'><strong>rogasset</strong></span> <span class='ocrx_word' id='word_1_104' title='bbox 519 1294 666 1373; x_wconf 89' lang='lat' dir='ltr'><strong>respondit</strong></span> <span class='ocrx_word' id='word_1_105' title='bbox 686 1297 826 1372; x_wconf 76' lang='lat' dir='ltr'><strong>‘rogavi&#39;‚</strong></span> <span class='ocrx_word' id='word_1_106' title='bbox 849 1311 884 1356; x_wconf 88' lang='lat' dir='ltr'><strong>an</strong></span> <span class='ocrx_word' id='word_1_107' title='bbox 909 1295 1127 1356; x_wconf 87' lang='lat' dir='ltr'><strong>commentarios</strong></span> <span class='ocrx_word' id='word_1_108' title='bbox 1147 1297 1221 1354; x_wconf 90' lang='lat' dir='ltr'><strong>scri·</strong></span> 
     </span>
     <span class='ocr_line' id='line_1_14' title="bbox 219 1378 1220 1460; baseline -0.002 -21"><span class='ocrx_word' id='word_1_109' title='bbox 219 1389 303 1460; x_wconf 93' lang='lat' dir='ltr'><strong>pturo</strong></span> <span class='ocrx_word' id='word_1_110' title='bbox 316 1378 454 1456; x_wconf 79' lang='lat' dir='ltr'><strong>dedisset,</strong></span> <span class='ocrx_word' id='word_1_111' title='bbox 468 1378 570 1456; x_wconf 76' lang='lat' dir='ltr'><strong>‘dedi’,</strong></span> <span class='ocrx_word' id='word_1_112' title='bbox 584 1397 620 1438; x_wconf 92' lang='lat' dir='ltr'><strong>an</strong></span> <span class='ocrx_word' id='word_1_113' title='bbox 631 1381 740 1439; x_wconf 84' lang='lat' dir='ltr'><strong>sciente</strong></span> <span class='ocrx_word' id='word_1_114' title='bbox 753 1387 851 1456; x_wconf 79' lang='lat' dir='ltr'><strong>matre,</strong></span> <span class='ocrx_word' id='word_1_115' title='bbox 868 1378 1056 1446; x_wconf 72' lang='lat' dir='ltr'><strong>‘nesciente&#39;;</strong></span> <span class='ocrx_word' id='word_1_116' title='bbox 1070 1385 1220 1455; x_wconf 89' lang='lat' dir='ltr'><strong>postremo</strong></span> 
     </span>
     <span class='ocr_line' id='line_1_15' title="bbox 193 1458 1221 1538; baseline -0.001 -16"><span class='ocrx_word' id='word_1_117' title='bbox 193 1462 323 1528; x_wconf 76' lang='lat' dir='ltr'><strong>sanilam</strong></span> <span class='ocrx_word' id='word_1_118' title='bbox 337 1480 439 1522; x_wconf 84' lang='lat' dir='ltr'><strong>vocem</strong></span> <span class='ocrx_word' id='word_1_119' title='bbox 452 1462 600 1522; x_wconf 87' lang='lat' dir='ltr'><strong>cedentem</strong></span> <span class='ocrx_word' id='word_1_120' title='bbox 614 1461 743 1538; x_wconf 88' lang='lat' dir='ltr'><strong>periculo</strong></span> <span class='ocrx_word' id='word_1_121' title='bbox 755 1463 857 1522; x_wconf 87' lang='lat' dir='ltr'><strong>emisit.</strong></span> <span class='ocrx_word' id='word_1_122' title='bbox 878 1458 952 1533; x_wconf 82' lang='lat' dir='ltr'><strong>Quin</strong></span> <span class='ocrx_word' id='word_1_123' title='bbox 964 1463 1047 1522; x_wconf 90' lang='lat' dir='ltr'><strong>etiam</strong></span> <span class='ocrx_word' id='word_1_124' title='bbox 1058 1459 1126 1521; x_wconf 88' lang='lat' dir='ltr'><strong>ilios</strong></span> <span class='ocrx_word' id='word_1_125' title='bbox 1136 1461 1221 1538; x_wconf 91' lang='lat' dir='ltr'><strong>ipsos</strong></span> 
     </span>
     <span class='ocr_line' id='line_1_16' title="bbox 220 1542 1259 1624; baseline -0.003 -18"><span class='ocrx_word' id='word_1_126' title='bbox 220 1547 325 1620; x_wconf 87' lang='lat' dir='ltr'><strong>libros,</strong></span> <span class='ocrx_word' id='word_1_127' title='bbox 347 1563 512 1624; x_wconf 87' lang='lat' dir='ltr'><strong>quamquam</strong></span> <span class='ocrx_word' id='word_1_128' title='bbox 534 1563 571 1606; x_wconf 82' lang='lat' dir='ltr'><strong>ex</strong></span> <span class='ocrx_word' id='word_1_129' title='bbox 590 1547 763 1606; x_wconf 88' lang='lat' dir='ltr'><strong>necessitate</strong></span> <span class='ocrx_word' id='word_1_130' title='bbox 784 1554 813 1605; x_wconf 91' lang='lat' dir='ltr'><strong>et</strong></span> <span class='ocrx_word' id='word_1_131' title='bbox 828 1553 904 1604; x_wconf 90' lang='lat' dir='ltr'><strong>metu</strong></span> <span class='ocrx_word' id='word_1_132' title='bbox 920 1554 1078 1623; x_wconf 88' lang='lat' dir='ltr'><strong>temporum</strong></span> <span class='ocrx_word' id='word_1_133' title='bbox 1094 1542 1221 1604; x_wconf 85' lang='lat' dir='ltr'><strong>abolitos</strong></span> <span class='ocrx_word' id='word_1_134' title='bbox 1232 1561 1259 1612; x_wconf 81' lang='lat'><strong>15</strong></span> 
     </span>
     <span class='ocr_line' id='line_1_17' title="bbox 221 1627 1222 1709; baseline -0.004 -18"><span class='ocrx_word' id='word_1_135' title='bbox 221 1628 495 1706; x_wconf 87' lang='lat' dir='ltr'><strong>senatusconsulto,</strong></span> <span class='ocrx_word' id='word_1_136' title='bbox 512 1628 662 1709; x_wconf 88' lang='lat' dir='ltr'><strong>publicatis</strong></span> <span class='ocrx_word' id='word_1_137' title='bbox 676 1628 759 1689; x_wconf 89' lang='lat' dir='ltr'><strong>honis</strong></span> <span class='ocrx_word' id='word_1_138' title='bbox 778 1629 900 1690; x_wconf 87' lang='lat' dir='ltr'><strong>servavit</strong></span> <span class='ocrx_word' id='word_1_139' title='bbox 920 1627 1033 1706; x_wconf 87' lang='lat' dir='ltr'><strong>habuit,</strong></span> <span class='ocrx_word' id='word_1_140' title='bbox 1055 1627 1175 1706; x_wconf 89' lang='lat' dir='ltr'><strong>tulitque</strong></span> <span class='ocrx_word' id='word_1_141' title='bbox 1192 1629 1222 1687; x_wconf 93' lang='lat' dir='ltr'><strong>in</strong></span> 
     </span>
     <span class='ocr_line' id='line_1_18' title="bbox 196 1711 1221 1791; baseline -0.002 -17"><span class='ocrx_word' id='word_1_142' title='bbox 196 1714 334 1780; x_wconf 79' lang='lat' dir='ltr'><strong>texiiium</strong></span> <span class='ocrx_word' id='word_1_143' title='bbox 358 1713 436 1773; x_wconf 82' lang='lat' dir='ltr'><strong>exilii</strong></span> <span class='ocrx_word' id='word_1_144' title='bbox 458 1731 580 1776; x_wconf 89' lang='lat' dir='ltr'><strong>causam.</strong></span> <span class='ocrx_word' id='word_1_145' title='bbox 618 1711 726 1774; x_wconf 87' lang='lat' dir='ltr'><strong>Eadem</strong></span> <span class='ocrx_word' id='word_1_146' title='bbox 748 1729 829 1790; x_wconf 82' lang='lat' dir='ltr'><strong>quam</strong></span> <span class='ocrx_word' id='word_1_147' title='bbox 850 1711 987 1790; x_wconf 83' lang='lat' dir='ltr'><strong>iucunda,</strong></span> <span class='ocrx_word' id='word_1_148' title='bbox 1013 1728 1096 1791; x_wconf 92' lang='lat' dir='ltr'><strong>quam</strong></span> <span class='ocrx_word' id='word_1_149' title='bbox 1117 1713 1221 1790; x_wconf 85' lang='lat' dir='ltr'><strong>cornis,</strong></span> 
     </span>
     <span class='ocr_line' id='line_1_19' title="bbox 221 1792 1222 1877; baseline -0.002 -21"><span class='ocrx_word' id='word_1_150' title='bbox 221 1815 305 1876; x_wconf 91' lang='lat' dir='ltr'><strong>quam</strong></span> <span class='ocrx_word' id='word_1_151' title='bbox 326 1797 464 1877; x_wconf 83' lang='lat' dir='ltr'><strong>denique,</strong></span> <span class='ocrx_word' id='word_1_152' title='bbox 486 1796 562 1875; x_wconf 93' lang='lat' dir='ltr'><strong>quod</strong></span> <span class='ocrx_word' id='word_1_153' title='bbox 586 1797 685 1874; x_wconf 87' lang='lat' dir='ltr'><strong>paucis</strong></span> <span class='ocrx_word' id='word_1_154' title='bbox 707 1795 800 1856; x_wconf 91' lang='lat' dir='ltr'><strong>datum</strong></span> <span class='ocrx_word' id='word_1_155' title='bbox 821 1805 881 1872; x_wconf 87' lang='lat' dir='ltr'><strong>est,</strong></span> <span class='ocrx_word' id='word_1_156' title='bbox 903 1814 960 1856; x_wconf 88' lang='lat' dir='ltr'><strong>noa</strong></span> <span class='ocrx_word' id='word_1_157' title='bbox 982 1797 1072 1855; x_wconf 93' lang='lat' dir='ltr'><strong>minus</strong></span> <span class='ocrx_word' id='word_1_158' title='bbox 1092 1792 1222 1856; x_wconf 85' lang='lat' dir='ltr'><strong>amabilis</strong></span> 
     </span>
     <span class='ocr_line' id='line_1_20' title="bbox 221 1879 1222 1959; baseline 0 -21"><span class='ocrx_word' id='word_1_159' title='bbox 221 1893 303 1959; x_wconf 87' lang='lat' dir='ltr'><strong>qnam</strong></span> <span class='ocrx_word' id='word_1_160' title='bbox 322 1879 497 1940; x_wconf 88' lang='lat' dir='ltr'><strong>veneranda!</strong></span> <span class='ocrx_word' id='word_1_161' title='bbox 516 1879 614 1941; x_wconf 86' lang='lat' dir='ltr'><strong>Eritne</strong></span> <span class='ocrx_word' id='word_1_162' title='bbox 636 1897 718 1958; x_wconf 89' lang='lat' dir='ltr'><strong>quam</strong></span> <span class='ocrx_word' id='word_1_163' title='bbox 731 1888 832 1958; x_wconf 91' lang='lat' dir='ltr'><strong>postea</strong></span> <span class='ocrx_word' id='word_1_164' title='bbox 852 1880 989 1939; x_wconf 83' lang='lat' dir='ltr'><strong>uxoribus</strong></span> <span class='ocrx_word' id='word_1_165' title='bbox 1003 1879 1108 1940; x_wconf 90' lang='lat' dir='ltr'><strong>uostris</strong></span> <span class='ocrx_word' id='word_1_166' title='bbox 1123 1889 1222 1938; x_wconf 90' lang='lat' dir='ltr'><strong>osten·</strong></span> 
     </span>
     <span class='ocr_line' id='line_1_21' title="bbox 220 1960 1261 2042; baseline -0.001 -20"><span class='ocrx_word' id='word_1_167' title='bbox 220 1973 280 2022; x_wconf 85' lang='lat' dir='ltr'><strong>tare</strong></span> <span class='ocrx_word' id='word_1_168' title='bbox 295 1961 460 2040; x_wconf 78' lang='lat' dir='ltr'><strong>possimus?</strong></span> <span class='ocrx_word' id='word_1_169' title='bbox 477 1966 530 2025; x_wconf 90' lang='lat' dir='ltr'><strong>erit</strong></span> <span class='ocrx_word' id='word_1_170' title='bbox 549 1983 564 2024; x_wconf 91' lang='lat' dir='ltr'><strong>a</strong></span> <span class='ocrx_word' id='word_1_171' title='bbox 580 1981 634 2042; x_wconf 92' lang='lat' dir='ltr'><strong>qua</strong></span> <span class='ocrx_word' id='word_1_172' title='bbox 646 1965 699 2022; x_wconf 81' lang='lat' dir='ltr'><strong>viri</strong></span> <span class='ocrx_word' id='word_1_173' title='bbox 715 1980 828 2041; x_wconf 90' lang='lat' dir='ltr'><strong>quoque</strong></span> <span class='ocrx_word' id='word_1_174' title='bbox 844 1962 1013 2023; x_wconf 82' lang='lat' dir='ltr'><strong>fortitudinis</strong></span> <span class='ocrx_word' id='word_1_175' title='bbox 1029 1960 1160 2039; x_wconf 89' lang='lat' dir='ltr'><strong>exempla</strong></span> <span class='ocrx_word' id='word_1_176' title='bbox 1173 1969 1261 2022; x_wconf 75' lang='lat' dir='ltr'><strong>suto</strong></span> 
     </span>
     <span class='ocr_line' id='line_1_22' title="bbox 221 2043 1223 2126; baseline 0.002 -22"><span class='ocrx_word' id='word_1_177' title='bbox 221 2043 348 2106; x_wconf 79' lang='lat' dir='ltr'><strong>mamus?</strong></span> <span class='ocrx_word' id='word_1_178' title='bbox 375 2063 458 2126; x_wconf 88' lang='lat' dir='ltr'><strong>qnam</strong></span> <span class='ocrx_word' id='word_1_179' title='bbox 480 2049 523 2107; x_wconf 93' lang='lat' dir='ltr'><strong>sic</strong></span> <span class='ocrx_word' id='word_1_180' title='bbox 547 2057 697 2108; x_wconf 85' lang='lat' dir='ltr'><strong>cernentes</strong></span> <span class='ocrx_word' id='word_1_181' title='bbox 718 2046 921 2125; x_wconf 88' lang='lat' dir='ltr'><strong>audientesque</strong></span> <span class='ocrx_word' id='word_1_182' title='bbox 947 2048 1080 2104; x_wconf 89' lang='lat' dir='ltr'><strong>miremur</strong></span> <span class='ocrx_word' id='word_1_183' title='bbox 1100 2053 1130 2104; x_wconf 93' lang='lat' dir='ltr'><strong>ut</strong></span> <span class='ocrx_word' id='word_1_184' title='bbox 1156 2044 1223 2106; x_wconf 85' lang='lat' dir='ltr'><strong>illas</strong></span> 
     </span>
     <span class='ocr_line' id='line_1_23' title="bbox 195 2127 1223 2208; baseline -0.005 -16"><span class='ocrx_word' id='word_1_185' title='bbox 195 2139 295 2208; x_wconf 74' lang='lat' dir='ltr'><strong>equae</strong></span> <span class='ocrx_word' id='word_1_186' title='bbox 311 2127 464 2207; x_wconf 79' lang='lat' dir='ltr'><strong>leguntur?</strong></span> <span class='ocrx_word' id='word_1_187' title='bbox 495 2130 540 2190; x_wconf 78' lang='lat' dir='ltr'><strong>Ac</strong></span> <span class='ocrx_word' id='word_1_188' title='bbox 557 2130 622 2189; x_wconf 83' lang='lat' dir='ltr'><strong>mihi</strong></span> <span class='ocrx_word' id='word_1_189' title='bbox 639 2129 738 2190; x_wconf 91' lang='lat' dir='ltr'><strong>domus</strong></span> <span class='ocrx_word' id='word_1_190' title='bbox 752 2132 814 2208; x_wconf 80' lang='lat' dir='ltr'><strong>ipsa</strong></span> <span class='ocrx_word' id='word_1_191' title='bbox 828 2138 926 2190; x_wconf 87' lang='lat' dir='ltr'><strong>nutare</strong></span> <span class='ocrx_word' id='word_1_192' title='bbox 937 2127 1130 2207; x_wconf 87' lang='lat' dir='ltr'><strong>convulsaque</strong></span> <span class='ocrx_word' id='word_1_193' title='bbox 1145 2129 1223 2189; x_wconf 89' lang='lat' dir='ltr'><strong>sedi·</strong></span> 
     </span>
     <span class='ocr_line' id='line_1_24' title="bbox 221 2211 1223 2291; baseline -0.003 -18"><span class='ocrx_word' id='word_1_194' title='bbox 221 2213 276 2274; x_wconf 86' lang='lat' dir='ltr'><strong>hus</strong></span> <span class='ocrx_word' id='word_1_195' title='bbox 297 2214 355 2273; x_wconf 90' lang='lat' dir='ltr'><strong>suis</strong></span> <span class='ocrx_word' id='word_1_196' title='bbox 375 2216 481 2274; x_wconf 89' lang='lat' dir='ltr'><strong>ruitura</strong></span> <span class='ocrx_word' id='word_1_197' title='bbox 501 2231 586 2291; x_wconf 90' lang='lat' dir='ltr'><strong>supra</strong></span> <span class='ocrx_word' id='word_1_198' title='bbox 606 2215 733 2291; x_wconf 81' lang='lat' dir='ltr'><strong>videtur,</strong></span> <span class='ocrx_word' id='word_1_199' title='bbox 754 2214 824 2274; x_wconf 91' lang='lat' dir='ltr'><strong>iicet</strong></span> <span class='ocrx_word' id='word_1_200' title='bbox 843 2213 934 2274; x_wconf 88' lang='lat' dir='ltr'><strong>adhuc</strong></span> <span class='ocrx_word' id='word_1_201' title='bbox 955 2221 1088 2291; x_wconf 89' lang='lat' dir='ltr'><strong>posteros</strong></span> <span class='ocrx_word' id='word_1_202' title='bbox 1108 2211 1223 2272; x_wconf 89' lang='lat' dir='ltr'><strong>haheat.</strong></span> 
     </span>
     <span class='ocr_line' id='line_1_25' title="bbox 223 2294 1225 2376; baseline 0.002 -22"><span class='ocrx_word' id='word_1_203' title='bbox 223 2295 341 2370; x_wconf 79' lang='lat' dir='ltr'><strong>Quantis</strong></span> <span class='ocrx_word' id='word_1_204' title='bbox 358 2300 432 2358; x_wconf 77' lang='lat' dir='ltr'><strong>anun</strong></span> <span class='ocrx_word' id='word_1_205' title='bbox 445 2298 594 2359; x_wconf 83' lang='lat' dir='ltr'><strong>virtutibus</strong></span> <span class='ocrx_word' id='word_1_206' title='bbox 609 2300 777 2376; x_wconf 89' lang='lat' dir='ltr'><strong>quantisque</strong></span> <span class='ocrx_word' id='word_1_207' title='bbox 798 2297 882 2358; x_wconf 86' lang='lat' dir='ltr'><strong>iactis</strong></span> <span class='ocrx_word' id='word_1_208' title='bbox 896 2296 1087 2374; x_wconf 89' lang='lat' dir='ltr'><strong>adsequentur</strong></span> <span class='ocrx_word' id='word_1_209' title='bbox 1103 2305 1134 2356; x_wconf 92' lang='lat' dir='ltr'><strong>ut</strong></span> <span class='ocrx_word' id='word_1_210' title='bbox 1148 2294 1225 2356; x_wconf 80' lang='lat' dir='ltr'><strong>haec</strong></span> 
     </span>
     <span class='ocr_line' id='line_1_26' title="bbox 196 2377 1262 2459; baseline -0.002 -15"><span class='ocrx_word' id='word_1_211' title='bbox 196 2390 278 2444; x_wconf 88' lang='lat' dir='ltr'><strong>9non</strong></span> <span class='ocrx_word' id='word_1_212' title='bbox 296 2383 449 2443; x_wconf 88' lang='lat' dir='ltr'><strong>novissima</strong></span> <span class='ocrx_word' id='word_1_213' title='bbox 467 2379 626 2442; x_wconf 79' lang='lat' dir='ltr'><strong>occiderit?</strong></span> <span class='ocrx_word' id='word_1_214' title='bbox 658 2380 706 2440; x_wconf 82' lang='lat' dir='ltr'><strong>die</strong></span> <span class='ocrx_word' id='word_1_215' title='bbox 726 2380 838 2459; x_wconf 91' lang='lat' dir='ltr'><strong>quidem</strong></span> <span class='ocrx_word' id='word_1_216' title='bbox 858 2378 927 2440; x_wconf 88' lang='lat' dir='ltr'><strong>iilud</strong></span> <span class='ocrx_word' id='word_1_217' title='bbox 948 2381 1033 2440; x_wconf 91' lang='lat' dir='ltr'><strong>etiam</strong></span> <span class='ocrx_word' id='word_1_218' title='bbox 1057 2377 1167 2456; x_wconf 83' lang='lat' dir='ltr'><strong>adfligit</strong></span> <span class='ocrx_word' id='word_1_219' title='bbox 1193 2387 1262 2442; x_wconf 72' lang='lat' dir='ltr'><strong>etat</strong></span> 
     </span>
     <span class='ocr_line' id='line_1_27' title="bbox 222 2460 1226 2545; baseline -0.002 -21"><span class='ocrx_word' id='word_1_220' title='bbox 222 2473 337 2545; x_wconf 88' lang='lat' dir='ltr'><strong>torquet</strong></span> <span class='ocrx_word' id='word_1_221' title='bbox 359 2466 435 2545; x_wconf 90' lang='lat' dir='ltr'><strong>quod</strong></span> <span class='ocrx_word' id='word_1_222' title='bbox 461 2476 578 2526; x_wconf 86' lang='lat' dir='ltr'><strong>matrem</strong></span> <span class='ocrx_word' id='word_1_223' title='bbox 598 2467 677 2542; x_wconf 85' lang='lat' dir='ltr'><strong>eius,</strong></span> <span class='ocrx_word' id='word_1_224' title='bbox 699 2462 1007 2543; x_wconf 81' lang='lat' dir='ltr'><strong>illam(nihi1possum</strong></span> <span class='ocrx_word' id='word_1_225' title='bbox 1019 2461 1164 2522; x_wconf 78' lang='lat' dir='ltr'><strong>intusuun</strong></span> <span class='ocrx_word' id='word_1_226' title='bbox 1180 2460 1226 2522; x_wconf 91' lang='lat' dir='ltr'><strong>di·</strong></span> 
     </span>
     <span class='ocr_line' id='line_1_28' title="bbox 224 2546 1226 2628; baseline -0.003 -21"><span class='ocrx_word' id='word_1_227' title='bbox 224 2548 305 2628; x_wconf 87' lang='lat' dir='ltr'><strong>cere)</strong></span> <span class='ocrx_word' id='word_1_228' title='bbox 324 2558 417 2611; x_wconf 90' lang='lat' dir='ltr'><strong>tantae</strong></span> <span class='ocrx_word' id='word_1_229' title='bbox 438 2550 559 2609; x_wconf 85' lang='lat' dir='ltr'><strong>feminae</strong></span> <span class='ocrx_word' id='word_1_230' title='bbox 579 2558 712 2623; x_wconf 82' lang='lat' dir='ltr'><strong>matrem,</strong></span> <span class='ocrx_word' id='word_1_231' title='bbox 736 2565 834 2608; x_wconf 87' lang='lat' dir='ltr'><strong>rursus</strong></span> <span class='ocrx_word' id='word_1_232' title='bbox 855 2546 955 2607; x_wconf 88' lang='lat' dir='ltr'><strong>videor</strong></span> <span class='ocrx_word' id='word_1_233' title='bbox 976 2548 1122 2622; x_wconf 84' lang='lat' dir='ltr'><strong>amittere,</strong></span> <span class='ocrx_word' id='word_1_234' title='bbox 1139 2563 1226 2624; x_wconf 89' lang='lat' dir='ltr'><strong>quarn</strong></span> 
     </span>
     <span class='ocr_line' id='line_1_29' title="bbox 221 2631 1226 2709; baseline -0.002 -19"><span class='ocrx_word' id='word_1_235' title='bbox 221 2631 312 2709; x_wconf 84' lang='lat' dir='ltr'><strong>haec,</strong></span> <span class='ocrx_word' id='word_1_236' title='bbox 335 2643 365 2694; x_wconf 92' lang='lat' dir='ltr'><strong>ut</strong></span> <span class='ocrx_word' id='word_1_237' title='bbox 384 2633 477 2694; x_wconf 88' lang='lat' dir='ltr'><strong>reddit</strong></span> <span class='ocrx_word' id='word_1_238' title='bbox 496 2651 530 2693; x_wconf 90' lang='lat' dir='ltr'><strong>ac</strong></span> <span class='ocrx_word' id='word_1_239' title='bbox 550 2633 640 2694; x_wconf 89' lang='lat' dir='ltr'><strong>reiert</strong></span> <span class='ocrx_word' id='word_1_240' title='bbox 659 2631 758 2707; x_wconf 82' lang='lat' dir='ltr'><strong>nobis,</strong></span> <span class='ocrx_word' id='word_1_241' title='bbox 780 2633 823 2692; x_wconf 89' lang='lat' dir='ltr'><strong>sic</strong></span> <span class='ocrx_word' id='word_1_242' title='bbox 838 2631 948 2691; x_wconf 78' lang='lat' dir='ltr'><strong>auferet</strong></span> <span class='ocrx_word' id='word_1_243' title='bbox 962 2647 1061 2690; x_wconf 88' lang='lat' dir='ltr'><strong>seeum</strong></span> <span class='ocrx_word' id='word_1_244' title='bbox 1075 2647 1178 2706; x_wconf 90' lang='lat' dir='ltr'><strong>meque</strong></span> <span class='ocrx_word' id='word_1_245' title='bbox 1194 2637 1226 2688; x_wconf 92' lang='lat' dir='ltr'><strong>et</strong></span> 
     </span>
     <span class='ocr_line' id='line_1_30' title="bbox 181 2711 1224 2794; baseline -0.008 -16"><span class='ocrx_word' id='word_1_246' title='bbox 181 2725 299 2778; x_wconf 80' lang='lat' dir='ltr'><strong>louovo</strong></span> <span class='ocrx_word' id='word_1_247' title='bbox 320 2717 425 2793; x_wconf 91' lang='lat' dir='ltr'><strong>pariter</strong></span> <span class='ocrx_word' id='word_1_248' title='bbox 448 2726 478 2778; x_wconf 91' lang='lat' dir='ltr'><strong>et</strong></span> <span class='ocrx_word' id='word_1_249' title='bbox 503 2718 630 2778; x_wconf 86' lang='lat' dir='ltr'><strong>rescisso</strong></span> <span class='ocrx_word' id='word_1_250' title='bbox 652 2713 770 2774; x_wconf 90' lang='lat' dir='ltr'><strong>vulnere</strong></span> <span class='ocrx_word' id='word_1_251' title='bbox 794 2713 917 2774; x_wconf 82' lang='lat' dir='ltr'><strong>adiiciet.</strong></span> <span class='ocrx_word' id='word_1_252' title='bbox 955 2712 1108 2794; x_wconf 85' lang='lat' dir='ltr'><strong>Utramque</strong></span> <span class='ocrx_word' id='word_1_253' title='bbox 1133 2711 1224 2788; x_wconf 87' lang='lat' dir='ltr'><strong>colui,</strong></span> 
     </span>
     <span class='ocr_line' id='line_1_31' title="bbox 222 2795 1264 2877; baseline -0.004 -21"><span class='ocrx_word' id='word_1_254' title='bbox 222 2807 370 2876; x_wconf 88' lang='lat' dir='ltr'><strong>utramque</strong></span> <span class='ocrx_word' id='word_1_255' title='bbox 388 2798 490 2867; x_wconf 79' lang='lat' dir='ltr'><strong>dilexi:</strong></span> <span class='ocrx_word' id='word_1_256' title='bbox 515 2807 603 2860; x_wconf 89' lang='lat' dir='ltr'><strong>utram</strong></span> <span class='ocrx_word' id='word_1_257' title='bbox 620 2801 711 2877; x_wconf 77' lang='lat' dir='ltr'><strong>magis</strong></span> <span class='ocrx_word' id='word_1_258' title='bbox 729 2799 845 2873; x_wconf 86' lang='lat' dir='ltr'><strong>nescio,</strong></span> <span class='ocrx_word' id='word_1_259' title='bbox 866 2815 922 2859; x_wconf 83' lang='lat' dir='ltr'><strong>uec</strong></span> <span class='ocrx_word' id='word_1_260' title='bbox 939 2796 1063 2859; x_wconf 89' lang='lat' dir='ltr'><strong>discerni</strong></span> <span class='ocrx_word' id='word_1_261' title='bbox 1077 2795 1264 2857; x_wconf 78' lang='lat' dir='ltr'><strong>volebanttttt</strong></span> 
     </span>
     <span class='ocr_line' id='line_1_32' title="bbox 222 2878 1224 2958; baseline 0.001 -18"><span class='ocrx_word' id='word_1_262' title='bbox 222 2879 386 2940; x_wconf 87' lang='lat' dir='ltr'><strong>Habuerunt</strong></span> <span class='ocrx_word' id='word_1_263' title='bbox 400 2883 495 2944; x_wconf 84' lang='lat' dir='ltr'><strong>officia</strong></span> <span class='ocrx_word' id='word_1_264' title='bbox 509 2900 571 2942; x_wconf 88' lang='lat' dir='ltr'><strong>mea</strong></span> <span class='ocrx_word' id='word_1_265' title='bbox 585 2883 613 2942; x_wconf 90' lang='lat' dir='ltr'><strong>in</strong></span> <span class='ocrx_word' id='word_1_266' title='bbox 627 2881 772 2956; x_wconf 83' lang='lat' dir='ltr'><strong>secundis,</strong></span> <span class='ocrx_word' id='word_1_267' title='bbox 788 2880 944 2943; x_wconf 87' lang='lat' dir='ltr'><strong>habuerunt</strong></span> <span class='ocrx_word' id='word_1_268' title='bbox 953 2883 982 2939; x_wconf 93' lang='lat' dir='ltr'><strong>in</strong></span> <span class='ocrx_word' id='word_1_269' title='bbox 996 2879 1133 2942; x_wconf 89' lang='lat' dir='ltr'><strong>adversis.</strong></span> <span class='ocrx_word' id='word_1_270' title='bbox 1156 2878 1224 2958; x_wconf 70' lang='lat' dir='ltr'><strong>ego</strong></span> 
     </span>
     <span class='ocr_line' id='line_1_33' title="bbox 223 2962 1225 3044; baseline -0.004 -19"><span class='ocrx_word' id='word_1_271' title='bbox 223 2962 360 3025; x_wconf 85' lang='lat' dir='ltr'><strong>solacium</strong></span> <span class='ocrx_word' id='word_1_272' title='bbox 379 2965 585 3044; x_wconf 78' lang='lat' dir='ltr'><strong>relegatamm,</strong></span> <span class='ocrx_word' id='word_1_273' title='bbox 608 2983 664 3044; x_wconf 76' lang='lat' dir='ltr'><strong>ego</strong></span> <span class='ocrx_word' id='word_1_274' title='bbox 678 2963 755 3025; x_wconf 91' lang='lat' dir='ltr'><strong>ultor</strong></span> <span class='ocrx_word' id='word_1_275' title='bbox 768 2982 960 3033; x_wconf 69' lang='lat' dir='ltr'><strong>reversurum</strong></span> <span class='ocrx_word' id='word_1_276' title='bbox 983 2981 1040 3024; x_wconf 90' lang='lat' dir='ltr'><strong>nou</strong></span> <span class='ocrx_word' id='word_1_277' title='bbox 1056 2964 1113 3023; x_wconf 84' lang='lat' dir='ltr'><strong>feci</strong></span> <span class='ocrx_word' id='word_1_278' title='bbox 1129 2972 1225 3022; x_wconf 89' lang='lat' dir='ltr'><strong>tamen</strong></span> 
     </span>
     <span class='ocr_line' id='line_1_34' title="bbox 223 3045 1225 3129; baseline -0.005 -20"><span class='ocrx_word' id='word_1_279' title='bbox 223 3047 317 3128; x_wconf 88' lang='lat' dir='ltr'><strong>paria,</strong></span> <span class='ocrx_word' id='word_1_280' title='bbox 344 3059 429 3129; x_wconf 87' lang='lat' dir='ltr'><strong>atquc</strong></span> <span class='ocrx_word' id='word_1_281' title='bbox 450 3067 487 3111; x_wconf 91' lang='lat' dir='ltr'><strong>eo</strong></span> <span class='ocrx_word' id='word_1_282' title='bbox 508 3052 598 3128; x_wconf 79' lang='lat' dir='ltr'><strong>magis</strong></span> <span class='ocrx_word' id='word_1_283' title='bbox 619 3050 691 3110; x_wconf 88' lang='lat' dir='ltr'><strong>hanc</strong></span> <span class='ocrx_word' id='word_1_284' title='bbox 708 3049 793 3125; x_wconf 89' lang='lat' dir='ltr'><strong>cupio</strong></span> <span class='ocrx_word' id='word_1_285' title='bbox 813 3051 935 3125; x_wconf 84' lang='lat' dir='ltr'><strong>servari,</strong></span> <span class='ocrx_word' id='word_1_286' title='bbox 962 3056 992 3107; x_wconf 93' lang='lat' dir='ltr'><strong>ut</strong></span> <span class='ocrx_word' id='word_1_287' title='bbox 1006 3047 1074 3107; x_wconf 87' lang='lat' dir='ltr'><strong>mihi</strong></span> <span class='ocrx_word' id='word_1_288' title='bbox 1092 3045 1225 3107; x_wconf 88' lang='lat' dir='ltr'><strong>solvendi</strong></span> 
     </span>
     <span class='ocr_line' id='line_1_35' title="bbox 182 3129 1224 3214; baseline -0.007 -18"><span class='ocrx_word' id='word_1_289' title='bbox 182 3145 215 3196; x_wconf 92' lang='lat' dir='ltr'><strong>ll</strong></span> <span class='ocrx_word' id='word_1_290' title='bbox 225 3141 353 3211; x_wconf 92' lang='lat' dir='ltr'><strong>tempora</strong></span> <span class='ocrx_word' id='word_1_291' title='bbox 367 3137 521 3214; x_wconf 88' lang='lat' dir='ltr'><strong>supersint.</strong></span> <span class='ocrx_word' id='word_1_292' title='bbox 553 3134 585 3195; x_wconf 93' lang='lat' dir='ltr'><strong>ln</strong></span> <span class='ocrx_word' id='word_1_293' title='bbox 601 3134 645 3195; x_wconf 87' lang='lat' dir='ltr'><strong>his</strong></span> <span class='ocrx_word' id='word_1_294' title='bbox 665 3149 741 3192; x_wconf 88' lang='lat' dir='ltr'><strong>eram</strong></span> <span class='ocrx_word' id='word_1_295' title='bbox 758 3132 851 3210; x_wconf 85' lang='lat' dir='ltr'><strong>curis,</strong></span> <span class='ocrx_word' id='word_1_296' title='bbox 881 3147 945 3192; x_wconf 93' lang='lat' dir='ltr'><strong>cum</strong></span> <span class='ocrx_word' id='word_1_297' title='bbox 958 3131 1115 3192; x_wconf 85' lang='lat' dir='ltr'><strong>scriberem</strong></span> <span class='ocrx_word' id='word_1_298' title='bbox 1127 3129 1163 3189; x_wconf 93' lang='lat' dir='ltr'><strong>ad</strong></span> <span class='ocrx_word' id='word_1_299' title='bbox 1178 3137 1224 3198; x_wconf 89' lang='lat' dir='ltr'><strong>te;</strong></span> 
     </span>
    </p>
   </div>
   <div class='ocr_carea' id='block_1_3' title="bbox 222 3215 1264 3362">
    <p class='ocr_par' dir='ltr' id='par_1_3' title="bbox 222 3215 1264 3362">
     <span class='ocr_line' id='line_1_36' title="bbox 222 3215 1264 3360; baseline -0.003 -81"><span class='ocrx_word' id='word_1_300' title='bbox 222 3234 293 3360; x_wconf 70' lang='lat' dir='ltr'><strong>qtpps</strong></span> <span class='ocrx_word' id='word_1_301' title='bbox 308 3219 417 3280; x_wconf 87' lang='lat' dir='ltr'><strong>sidens</strong></span> <span class='ocrx_word' id='word_1_302' title='bbox 432 3218 534 3299; x_wconf 89' lang='lat' dir='ltr'><strong>aliquis</strong></span> <span class='ocrx_word' id='word_1_303' title='bbox 548 3221 576 3278; x_wconf 92' lang='lat' dir='ltr'><strong>ia</strong></span> <span class='ocrx_word' id='word_1_304' title='bbox 591 3218 721 3296; x_wconf 74' lang='lat' dir='ltr'><strong>gaudium</strong></span> <span class='ocrx_word' id='word_1_305' title='bbox 734 3217 869 3294; x_wconf 84' lang='lat' dir='ltr'><strong>verterit,</strong></span> <span class='ocrx_word' id='word_1_306' title='bbox 891 3215 928 3276; x_wconf 92' lang='lat' dir='ltr'><strong>de</strong></span> <span class='ocrx_word' id='word_1_307' title='bbox 942 3223 1019 3274; x_wconf 90' lang='lat' dir='ltr'><strong>metu</strong></span> <span class='ocrx_word' id='word_1_308' title='bbox 1038 3230 1094 3274; x_wconf 90' lang='lat' dir='ltr'><strong>nou</strong></span> <span class='ocrx_word' id='word_1_309' title='bbox 1110 3229 1223 3293; x_wconf 82' lang='lat' dir='ltr'><strong>querar.</strong></span> <span class='ocrx_word' id='word_1_310' title='bbox 1232 3221 1264 3276; x_wconf 69' lang='lat' dir='ltr'><strong>et</strong></span> 
     </span>
     <span class='ocr_line' id='line_1_37' title="bbox 277 3319 304 3362; baseline 0.037 -1"><span class='ocrx_word' id='word_1_311' title='bbox 277 3319 304 3362; x_wconf 86' lang='lat' dir='ltr'><strong>e.</strong></span> 
     </span>
    </p>
   </div>
   <div class='ocr_carea' id='block_1_4' title="bbox 0 0 1323 4096">
    <p class='ocr_par' dir='ltr' id='par_1_4' title="bbox 0 0 1323 4096">
     <span class='ocr_line' id='line_1_38' title="bbox 0 0 1323 4096; baseline 0 0"><span class='ocrx_word' id='word_1_312' title='bbox 0 0 1323 4096; x_wconf 95' lang='lat' dir='ltr'><strong> </strong></span> 
     </span>
    </p>
   </div>
  </div>
 </body>
</html>
