2632 4096
343 290 605 352 EPISTULARUM
619 289 683 351 llll.
702 301 746 355 28.
758 300 802 356 29.
813 301 857 355 30·
1063 290 1105 358 Ol

108 461 172 504 cere
187 443 324 505 eiusmodi
337 441 500 522 exemplum
513 445 635 505 nonnisi
649 445 761 519 severi,
777 445 932 508 institutum
944 444 1105 506 reductum·

105 544 139 586 ve
157 545 295 589 exercere
311 529 396 588 etiam
408 525 546 587 lenissimi
560 536 693 606 possunt.
722 525 806 588 Vale.

554 659 647 721 XXX.

85 783 100 833 5
328 759 355 810 G.
375 760 499 812 PLINIUS
514 760 632 811 LICINIO
652 760 757 814 SURAE
775 758 836 811 SUO
856 758 882 808 S.

163 862 256 923 Attuli
269 863 321 922 tibi
337 881 375 923 ex
388 866 476 942 patria
489 881 552 923 mea
566 881 618 943 pro
632 862 801 924 munusculo
817 863 1012 943 quaestionem
1028 861 1106 924 altis·
1118 882 1132 932 1

105 948 171 1006 sima
187 947 243 1007 ista
260 946 418 1007 eruditione
438 947 637 1025 dignissimam.
670 946 747 1008 Fons
763 949 852 1007 oritur
872 949 901 1007 in
915 957 1028 1025 moute,
1056 962 1134 1026 pern

105 1047 169 1089 saxa
189 1029 332 1108 decurrit,
352 1033 494 1108 excipitur
514 1031 710 1092 cenatiuncula
726 1049 808 1091 mauu
831 1029 921 1092 lacta:
940 1031 979 1092 ibi
994 1031 1109 1110 paulum

105 1121 230 1174 retentus
244 1115 273 1173 in
287 1113 398 1174 Larium
408 1112 501 1174 lacum
513 1113 629 1175 decidit.
650 1115 739 1175 lluius
752 1115 821 1174 mira
835 1125 946 1175 natura:
961 1124 1006 1175 ter
1020 1117 1048 1176 in
1063 1115 1109 1176 die

71 1205 99 1256 10
106 1199 182 1258 statis
196 1197 329 1260 auctibus
347 1215 382 1258 ac
402 1196 630 1261 diminutionibus
646 1200 751 1260 crescit
766 1197 979 1276 decrescitque.
1010 1197 1136 1264 Gemi-3

106 1290 148 1341 tur
161 1280 190 1340 id
202 1279 298 1360 pelam
312 1291 342 1342 et
357 1299 421 1342 cum
434 1301 540 1343 summa
553 1282 700 1362 voluptate
716 1280 948 1360 deprehenditur.
969 1281 1049 1342 quta
1062 1301 1109 1344 re·

108 1365 213 1426 cumbis
233 1373 265 1424 et
283 1367 414 1426 vesceris
436 1375 521 1446 atque
538 1369 622 1428 etiam
638 1385 676 1427 ex
697 1369 761 1445 ipso
782 1365 862 1426 fonte
876 1366 955 1444 (nuru
970 1375 1015 1426 est
1030 1365 1109 1444 frigi-

108 1445 252 1528 dissimus)
273 1458 371 1527 potas:
389 1451 500 1510 interim
520 1449 570 1512 ille
586 1452 673 1512 certis
688 1450 882 1529 dimensisque
895 1451 1045 1511 momentis
1061 1451 1109 1510 vel

108 1531 277 1593 subtrahitur
290 1531 337 1594 vel
352 1533 487 1611 adsurgit.
507 1534 631 1594 Anulum
645 1553 698 1595 seu
709 1534 777 1612 quid
790 1533 866 1595 aliud
879 1535 962 1614 ponis
976 1536 1005 1592 in
1014 1536 1135 1614 sicco,4

74 1625 101 1676 15
109 1614 225 1676 adluitur
239 1618 348 1677 sensim
362 1634 397 1678 ac
411 1619 566 1680 novissime
582 1619 726 1697 operitur,
741 1618 885 1696 detegitur
898 1636 996 1680 rursus
1013 1618 1108 1698 paula·

107 1701 208 1778 timque
224 1700 383 1761 deseritur:
398 1703 424 1761 si
440 1701 543 1764 diutius
558 1701 710 1780 observes,
729 1711 878 1780 utromque
894 1704 996 1762 iterum
1006 1720 1040 1762 ac
1052 1711 1110 1764 ter·

108 1785 145 1842 tio
158 1784 265 1845 videas.
287 1785 448 1864 Spiritusne
462 1786 565 1866 aliquis
577 1785 720 1848 occultior
729 1803 763 1847 os
774 1785 861 1847 foutis
872 1795 902 1846 et
912 1784 1014 1846 fauces
1024 1785 1135 1848 modat>

108 1864 179 1928 lauat
191 1868 279 1930 ruodo
293 1867 425 1945 includit,
447 1879 531 1948 prout
544 1870 646 1931 inlatus
661 1871 787 1932 occurrit
806 1879 853 1930 aut
868 1869 996 1930 decessit
1010 1869 1110 1949 expul-

108 1947 173 2010 sus?
194 1952 273 2030 quod
286 1954 315 2012 iu
324 1952 462 2032 ampullis
477 1957 641 2034 ceterisque
653 1955 769 2032 generis
783 1952 911 2016 eiusdem
923 1952 1052 2015 videmus
1062 1964 1134 2018 ac-ti

72 2033 216 2114 tocidere,
240 2036 344 2114 quibus
363 2055 421 2100 uon
440 2037 520 2102 biam
540 2057 597 2099 uec
615 2039 709 2100 statim
722 2045 823 2116 pateus
837 2039 943 2100 exitus.
973 2036 1045 2098 llam
1060 2037 1110 2099 illa

108 2134 228 2198 quoque,
245 2137 413 2202 quamquam
426 2139 516 2200 prona
534 2131 620 2200 atque
634 2123 794 2200 vergentia,
809 2139 863 2200 per
878 2121 1013 2201 quasdam
1027 2121 1108 2184 oblu-

108 2205 203 2264 ctantis
226 2206 335 2265 animae
355 2223 449 2267 moras
471 2206 581 2268 crebris
608 2208 687 2284 quasi
708 2205 880 2283 singultibus
904 2208 1007 2269 sistunt
1033 2206 1110 2285 quod

107 2285 260 2350 adundant.
291 2288 338 2348 bn
352 2307 426 2367 quae
442 2306 552 2352 oceano
566 2299 680 2365 nutura,
696 2288 768 2351 fonti
781 2307 914 2369 quoque,
932 2307 1044 2368 quaque
1059 2289 1134 2354 illet

107 2371 212 2432 ratione
229 2381 278 2435 aut
288 2371 435 2450 inpellitur
450 2383 497 2434 aut
510 2375 687 2451 resorbetur,
702 2373 756 2434 hac
770 2373 898 2434 modicus
912 2373 960 2436 hic
974 2390 1055 2433 umor
1068 2376 1110 2434 si·

73 2453 102 2506 li
111 2452 186 2515 tibus
200 2454 320 2520 alternis
334 2459 516 2536 supprimitur
529 2457 578 2520 vel
592 2453 740 2534 egeritur?
762 2457 807 2517 An
824 2467 854 2518 ut
869 2457 981 2518 ilumina
996 2473 1068 2536 quae
1082 2458 1137 2519 inti

110 2552 182 2600 mare
203 2537 370 2600 deferuntur
394 2541 610 2604 adversantibus
632 2543 726 2602 ventis
749 2541 893 2618 obvioque
915 2549 996 2602 aestu
1018 2550 1110 2603 retor-

110 2631 244 2701 quentur,
265 2625 303 2684 ita
324 2634 369 2688 cst
388 2623 495 2704 ailquid
515 2624 592 2705 quod
605 2625 688 2688 buius
702 2625 790 2686 fontis
805 2642 957 2686 excursum
973 2642 1110 2705 repercu-

110 2701 177 2764 tiat?
200 2707 247 2770 dn
269 2706 423 2772 latentibus
444 2712 527 2772 venis
548 2719 627 2772 certa
645 2725 793 2786 mensura,
819 2708 977 2786 quaedum
1000 2707 1137 2788 colligit9

112 2787 183 2865 quod
198 2791 379 2870 exhauserat,
394 2795 486 2854 miuor
501 2796 579 2855 dvus
593 2803 623 2857 et
638 2795 761 2871 pigrior,
778 2809 842 2854 aum
862 2791 992 2870 collegit,
1008 2794 1111 2872 agilior

77 2869 251 2954 conaturque
265 2875 430 2955 profertur?
448 2878 494 2940 hu
515 2879 615 2940 nescio
635 2877 712 2956 quod
731 2875 926 2942 libramentum
940 2877 1065 2942 abditum
1080 2885 1150 2940 etlu

114 2971 240 3036 caecum,
262 2959 340 3039 quod
357 2979 421 3022 cum
441 2963 612 3026 exinanitum
631 2971 692 3038 est,
713 2963 832 3022 suscitat
853 2971 883 3024 ct
896 2961 976 3024 elicit
991 2962 1109 3040 mutem,

114 3055 172 3098 cun
196 3041 354 3123 repletum,
382 3055 508 3108 moratur
533 3056 564 3108 et
590 3042 767 3123 strangulat?
795 3045 930 3108 Scrutare
954 3056 984 3107 tu
1009 3052 1150 3108 causasll

115 3121 209 3199 (potes
224 3128 333 3206 enim),
355 3147 429 3207 quae
448 3139 555 3192 tautum
569 3129 734 3192 miraculum
751 3129 892 3192 efficiunt:
913 3129 980 3190 mibi
998 3128 1110 3190 abunde

114 3215 166 3283 est,
181 3211 204 3269 si
219 3212 286 3273 satis
303 3216 434 3291 cupressi
449 3213 526 3294 quod
541 3215 672 3276 eidoitur.
703 3212 785 3278 Vale.

509 3441 707 3452 nan-nn·-
