2616 4096
355 290 616 354 EPISTULARUM
630 294 719 356 Vllll.
744 307 769 358 1.
784 307 811 358 a·
1036 297 1097 364 175

96 443 253 504 deformius
280 443 408 504 amittere
436 462 518 523 quam
541 463 598 505 non
620 446 739 525 adsequi
760 447 880 508 laudem.
912 449 990 510 llaec
1011 450 1096 511 velim
1106 459 1139 511 1o

96 525 210 603 credas,
226 526 302 603 quod
314 527 392 586 initio
407 527 474 603 dixi,
488 529 642 607 scripsisse
656 548 702 590 mc
717 529 929 610 admonentem,
944 551 1000 594 non
1015 551 1096 612 prac-

96 610 265 689 cipicntem;
281 627 446 688 quamquam
460 614 683 691 praecipientem
697 631 823 693 quoque.
847 614 958 695 Quippe
975 634 1032 676 non
1047 636 1096 678 ve·

95 711 163 754 reor
178 695 206 752 in
220 709 316 752 amore
331 712 368 752 ne
382 693 495 753 modum
516 696 703 756 excesserim.
733 696 836 776 Neque
853 700 925 759 enim
939 699 1097 772 periculum

69 786 143 841 sest
156 795 194 837 ne
209 778 246 836 sit
260 775 373 834 nimium
385 776 460 855 quod
472 796 540 839 esse
553 781 701 839 maximum
715 779 812 841 (lebet.
842 781 923 842 Vale.

52 1199 86 1252 m
314 1120 352 1202 c.
381 1122 491 1202 ratur
521 1123 677 1204 cauom
704 1122 879 1206 succum
1009 1185 1012 1192 .

213 1289 244 1402 ll
285 1292 316 1402 l
356 1290 376 1401 l
418 1290 443 1402 l
484 1291 515 1402 l
555 1291 591 1405 ll
633 1292 661 1402 l
704 1295 737 1405 l
779 1296 815 1406 tt
855 1295 890 1409 ll
931 1295 972 1408 ll

474 1479 572 1536 LIBER
590 1479 716 1538 NONUS.

583 1640 605 1701 1.

368 1738 395 1790 G.
412 1739 537 1792 PLINIUS
555 1739 684 1791 MAXIMO
703 1741 764 1793 SUO
780 1742 808 1794 S.

157 1856 254 1934 Saepe
275 1865 304 1917 te
326 1856 420 1915 monui
440 1866 470 1917 ut
484 1855 575 1918 libros
589 1874 662 1936 quos
675 1857 721 1919 rel
737 1875 790 1936 pro
806 1868 835 1919 te
850 1857 898 1920 rel
914 1860 942 1918 in
958 1858 1117 1941 Plantam,1

94 1940 180 2000 immo
195 1949 225 2000 et
245 1956 298 2019 pro
310 1948 340 1999 te
356 1949 384 2000 et
399 1939 519 2000 inillam
535 1941 588 2018 (ita
604 1943 677 2000 euim
690 1943 807 2004 materia
822 1942 961 2022 cogebat)
977 1960 1094 2022 compo-

49 2041 86 2093 no
94 2023 177 2084 suisti
189 2040 272 2101 quam
285 2023 470 2084 maturissime
486 2026 646 2092 emitteres;
662 2025 737 2104 quod
750 2045 824 2086 nunc
834 2027 990 2105 praecipue
1002 2038 1093 2090 morte

94 2107 157 2167 eius
171 2106 265 2168 audita
282 2116 311 2167 et
324 2106 425 2167 hortor
438 2115 466 2166 et
487 2125 598 2168 moneo.
631 2107 764 2182 Quamvis
786 2112 858 2170 anun
879 2110 987 2189 legeris
1001 2111 1120 2178 multist

93 2189 293 2269 legendosque
315 2189 440 2267 dederis,
454 2189 521 2251 nolo
536 2200 629 2252 tamen
644 2211 812 2273 quemquam
829 2196 936 2274 opinari
958 2195 1092 2258 defuncto

93 2274 206 2334 demum
222 2272 387 2352 inchoatos,
404 2291 476 2351 quos
495 2273 628 2334 incolomi
649 2293 685 2336 eo
703 2280 852 2355 peregisti.
885 2278 969 2338 Salva
991 2280 1028 2340 sit
1042 2281 1119 2344 otte

95 2359 271 2419 constantiae
286 2357 366 2418 lama.
388 2355 450 2418 Erit
463 2368 566 2435 autem,
581 2361 605 2419 si
618 2369 715 2419 uotum
725 2364 823 2439 aequis
835 2362 994 2440 iniquisque
1007 2362 1092 2424 inerit

49 2450 151 2502 utnon
173 2451 240 2521 post
260 2442 364 2502 inimici
384 2450 504 2502 mortem
522 2443 666 2503 scribendi
684 2443 734 2503 tibi
754 2455 845 2506 natam
865 2464 932 2506 esse
951 2445 1091 2523 fiduciam,

92 2527 146 2587 sed
160 2527 216 2586 iam
229 2534 352 2604 paratam
367 2525 519 2585 editionem
531 2535 622 2586 morte
634 2537 831 2605 praeventam
852 2536 880 2588 et
892 2529 973 2588 simul
989 2530 1090 2591 vitabis

91 2609 162 2669 illurl
176 2600 237 2687 οὐχ
249 2600 323 2687 ὁσίη
336 2605 563 2687 φθιμένοισιν.
590 2608 661 2670 Nam
675 2611 751 2688 quoti
765 2611 802 2672 de
821 2614 936 2672 mvente
955 2613 1115 2691 scriptumt

93 2702 156 2770 cst,
178 2695 206 2753 in
223 2691 387 2754 defunctum
402 2709 533 2772 quoque,
554 2703 693 2771 tamquam
707 2695 851 2755 viventem
867 2694 976 2773 adhuc,
988 2697 1091 2776 editur,

92 2779 117 2836 ei
133 2776 227 2837 editur
241 2777 342 2837 statim.
361 2775 461 2853 Igitur,
473 2777 575 2854 siquid
588 2776 662 2836 aliud
675 2779 852 2856 inmanibus,
869 2781 980 2839 interim
996 2780 1092 2842 diller:

50 2859 148 2924 ttohoc
164 2860 285 2939 perfice,
302 2859 378 2938 quoti
391 2860 486 2936 nobis,
503 2861 550 2938 qui
566 2859 698 2937 legimus,
715 2861 782 2921 olim
797 2861 955 2924 ahsolutum
971 2865 1091 2927 videtur.

91 2943 151 3003 Sed
166 2945 220 3003 iam
230 2943 359 3004 rideatur
370 2951 399 3002 et
413 2942 474 3019 tibi,
491 2943 571 3003 cuius
583 2947 792 3006 cunctationem
806 2965 862 3008 nec
881 2965 929 3009 res
943 2949 1006 3027 ipsa
1017 2948 1091 3009 desi·

91 3026 172 3088 ‹lerat
183 3028 360 3106 attemporis
371 3027 442 3087 ratio
456 3026 602 3103 praecidit.
624 3026 705 3088 Vale.

571 3159 608 3219 11.

47 3290 83 3346 35
382 3258 410 3312 0.
427 3259 551 3311 PLINIUS
567 3258 681 3312 SABINO
697 3259 757 3312 SUO
773 3259 800 3310 S.

153 3361 238 3425 Facis
262 3362 384 3424 iucunde
406 3363 482 3442 quod
500 3381 557 3424 non
577 3364 668 3425 solum
694 3363 827 3443 plurimas
855 3359 992 3439 epistulas
1012 3374 1115 3436 merel

90 3464 191 3508 verum
207 3447 290 3508 etiam
303 3446 483 3524 longissimae
498 3447 622 3524 flagitas:
639 3448 668 3507 in
684 3447 785 3525 quibus
799 3444 912 3524 parcior
925 3444 976 3520 lui,
992 3445 1092 3523 partim

92 3533 158 3610 quia
179 3539 241 3592 tuas
256 3532 460 3611 occupationes
477 3531 615 3608 verebar,
639 3532 737 3608 partim
759 3531 822 3608 quia
842 3531 906 3608 ipse
920 3527 1037 3590 multum
1051 3527 1091 3589 di·
