2616 4096
199 241 263 306 214
502 239 537 303 G.
556 240 653 304 PLINI
674 241 725 302 ΕΤ
747 240 904 304 nnumin

603 391 701 453 xcvo.
725 391 803 474 [nu]

539 492 704 550 TRAIANUS
721 493 827 544 PLINIO
845 493 872 546 S.

263 594 422 676 liiplomata
437 614 557 676 qnorum
571 599 741 676 praeteritus
756 606 801 657 est
818 595 881 656 dies
896 612 954 656 non
974 595 1082 656 debent
1096 597 1204 658 esseio

202 699 270 742 usu:
291 679 357 742 ideo
380 682 455 742 inter
470 681 559 760 prima
578 682 693 758 iniungo
713 681 781 744 mihi
798 689 829 741 ut
850 697 904 757 per
923 695 1022 741 omnes
1044 682 1204 758 provincias

202 774 267 826 ante
281 766 388 825 mittam
405 782 479 826 nova
494 762 646 842 diplomata
663 781 745 842 qnam
760 763 915 825 desiderari
931 766 1051 843 possint.
1210 778 1224 830 5

588 909 701 972 xnv11.
723 907 817 990 [nvn]

425 1010 453 1062 ὓ.
472 1010 598 1063 PLINIUS
614 1009 759 1062 TRAIANO
778 1009 986 1065 annuntiotis

176 1133 191 1185 1
266 1114 337 1179 Cum
351 1116 466 1196 vellem,
483 1115 607 1196 domine,
623 1118 766 1197 Apameae
780 1133 960 1195 cognoscere
976 1115 1111 1196 publicos
1127 1117 1205 1179 debi-

201 1211 281 1263 tores
297 1212 325 1264 et
340 1201 459 1264 reditum
475 1211 504 1264 et
517 1200 666 1281 inpendia,
687 1217 860 1279 responsum
874 1209 919 1262 est
936 1199 1003 1260 mihi
1019 1218 1130 1280 cupere
1146 1203 1240 1281 qui-lt

202 1286 266 1348 dem
288 1287 438 1348 universus
460 1296 527 1347 uta
550 1304 596 1347 me
618 1289 743 1347 rationes
767 1283 899 1345 coloniae
921 1283 1106 1363 legerentur,
1128 1303 1206 1346 nurn-

202 1388 286 1452 quam
303 1379 396 1432 tamen
417 1389 485 1433 esse
502 1368 592 1432 lectas
606 1371 642 1431 ab
656 1368 716 1429 ullo
729 1368 947 1448 proconsulum,
969 1367 1106 1430 habuisse
1121 1371 1205 1449 privi-

202 1452 310 1533 legium
325 1464 355 1515 et
370 1454 592 1516 vetustissimum
607 1469 715 1514 morem
727 1453 842 1514 arbitrio
858 1470 911 1514 suo
926 1451 1146 1531 rempublicam
1160 1452 1205 1514 ad·

177 1539 370 1604 aministrare.
390 1537 485 1617 Exegi
500 1547 532 1599 ut
546 1554 619 1618 qnae
632 1536 764 1598 dicebant
782 1555 912 1617 quaeque
931 1537 1088 1598 recitabant
1105 1535 1205 1598 libello

203 1622 474 1702 complecterentur,
498 1641 583 1702 quem
595 1622 646 1684 tihi
663 1620 776 1701 qualem
792 1639 962 1700 acceperam
975 1622 1056 1699 misi,
1080 1623 1206 1700 quamvis
1215 1635 1241 1688 15

202 1706 401 1787 intellegerem
417 1707 556 1786 pleraque
573 1704 676 1768 exilio
691 1704 726 1766 ad
741 1705 770 1766 id
788 1706 893 1783 dequo
908 1707 1052 1783 quaeritur
1068 1723 1126 1766 non
1142 1723 1205 1786 per·

174 1793 304 1856 itinere.
333 1791 375 1854 Te
395 1808 469 1870 rogo
487 1802 518 1853 ut
539 1790 605 1851 mihi
626 1791 796 1869 pmecipere
817 1789 944 1867 digneris
967 1788 1034 1868 quid
1055 1807 1103 1850 me
1121 1800 1205 1868 putes

203 1876 358 1937 observare
381 1875 499 1937 debere.
524 1875 637 1936 Vereor
648 1875 722 1935 enim
736 1892 773 1934 ne
788 1882 836 1934 aut
851 1874 1017 1935 excessisse
1032 1882 1080 1933 ant
1094 1891 1154 1934 uon
1166 1876 1205 1933 in·

203 1958 302 2038 plesse
318 1959 405 2020 oidcii
420 1959 477 2019 mei
493 1967 589 2038 partes
605 1958 712 2019 videar.

581 2104 706 2168 xnvrn
722 2105 828 2186 [nvn]

535 2206 700 2259 TRAIANUS
718 2204 824 2258 PLINIO
843 2204 870 2260 S.

180 2327 195 2381 1
266 2309 391 2373 Libellus
405 2309 596 2392 Apameorum
618 2329 702 2391 quern
716 2309 858 2390 epistulae
871 2317 935 2371 tuae
949 2311 1080 2370 iunxeras
1097 2309 1204 2370 remisit

202 2395 269 2456 mihi
282 2397 486 2458 necessitatem
500 2394 697 2476 perpendendi
711 2393 804 2473 qualia
816 2401 925 2470 essent,
940 2401 1061 2473 propter
1074 2410 1149 2472 qnae
1163 2393 1202 2451 vi·

203 2478 264 2540 deri
284 2480 383 2542 volunt
404 2481 524 2558 eosqui
544 2497 597 2559 pro
620 2479 785 2540 oonsulibus
805 2478 877 2538 hano
899 2479 1073 2556 provinciam
1094 2476 1237 2537 obtinuit

203 2573 285 2626 erunt
301 2565 472 2626 abstinuisse
487 2565 695 2644 inspectatione
710 2565 849 2622 rationum
865 2579 995 2640 suarum,
1012 2563 1157 2640 cumipse
1175 2570 1204 2620 ut

175 2662 252 2714 aeas
266 2650 427 2727 inspiceres
441 2665 498 2710 uon
512 2648 718 2710 recusaverint.
750 2644 964 2706 Remuneranda
978 2655 1023 2706 est
1038 2646 1124 2723 igitur
1139 2661 1204 2723 pro·

201 2732 274 2792 hitas
292 2750 407 2811 eorum,
426 2742 457 2794 ut
478 2733 533 2793 ianr
547 2749 622 2793 nunc
636 2733 728 2792 sciant
744 2730 802 2790 hoo
819 2729 896 2809 quod
914 2730 1096 2810 inspecturus
1114 2747 1148 2789 es
1169 2745 1205 2790 ex

201 2832 264 2874 mea
278 2815 423 2876 voluntate
439 2815 525 2877 salvis
540 2834 614 2895 qnae
628 2815 733 2877 habent
746 2813 906 2894 privilegiis
921 2831 988 2876 esse
1003 2813 1152 2874 iacturum.

557 2963 698 3027 xnvnnr.
719 2961 843 3042 [nunu

420 3062 449 3117 0.
467 3062 592 3116 PLINIUS
611 3061 757 3116 TRAIANO
775 3061 985 3114 effusarum.

179 3175 191 3227 1
266 3166 340 3228 Ante
357 3165 514 3228 adventum
525 3184 634 3244 meum,
652 3165 781 3244 domine,
797 3163 1024 3227 Nicomedenses
1039 3164 1128 3243 priori
1140 3161 1205 3224 icro

201 3267 306 3311 nouum
320 3250 435 3312 adicere
450 3259 625 3330 coeperunt,
648 3250 728 3310 cuius
742 3250 772 3308 in
786 3248 890 3327 angulo
907 3258 954 3310 cst
967 3247 1055 3310 aedes
1070 3249 1206 3308 vetustis·

202 3336 271 3396 sima
290 3333 389 3398 Matris
408 3333 528 3413 Magnae
550 3343 598 3395 aut
618 3332 772 3394 reficienda
790 3344 837 3394 aut
858 3331 1068 3400 transferenda;
1091 3331 1129 3393 ob
1149 3331 1244 3394 hoodt

1211 2051 1239 2102 id

203 3419 369 3496 praecipue,
389 3417 467 3497 qnod
477 3427 522 3480 est
537 3417 625 3478 multo
646 3415 812 3494 depressior
827 3435 918 3497 opere
933 3434 969 3478 eo
985 3414 1138 3494 quodcum
1148 3431 1206 3476 ma·

175 3501 278 3560 oxima
292 3501 391 3577 surgit.
423 3498 489 3577 Ego
512 3519 575 3561 cum
591 3517 759 3579 quaererem
778 3518 844 3559 num
859 3509 939 3562 esset
953 3499 1047 3578 aliqua
1064 3498 1114 3559 lex
1130 3498 1206 3560 diota
