2614 4104
399 307 666 372 enumeramus
686 321 731 375 61.
743 320 786 375 62.
1027 308 1090 376 277

84 471 215 522 cteretnr
230 459 429 540 collegamque
444 471 473 522 te
485 479 541 522 non
556 463 603 522 uni
615 462 702 522 daret.
717 461 846 542 Uterque
857 481 950 542 nuper
960 462 1091 524 consula·
1106 526 1107 530 ,

82 556 146 607 tum
158 545 277 606 alterum
290 553 439 622 gesserat,
454 564 471 606 a
485 556 566 625 putre
581 554 642 623 tuo,
657 545 743 606 idest
756 555 859 625 quanto
873 547 964 608 minus
979 565 1061 626 quarn
1075 565 1092 607 a

82 641 116 690 te
132 628 239 689 dutum!
254 631 401 708 utriusque
414 627 507 690 adlrue
521 627 614 690 oculis
629 629 716 708 poulo
730 639 796 690 aute
810 629 918 691 dimissi
929 630 1025 690 fasces
1040 631 1091 691 ob·

83 714 234 790 errabant,
253 714 401 791 utriusque
416 711 562 774 sollemnis
577 711 628 772 ille
641 712 775 773 lictorum
792 721 822 773 et
836 715 1020 791 praenuntius
1035 712 1091 774 cla·

54 809 149 860 5mor
161 798 276 857 auribus
289 796 451 872 insederat,
469 815 533 857 cum
547 814 644 858 rursus
659 795 765 857 curulis
779 814 934 876 rursusque
948 813 1091 877 pnrpara;

82 890 117 940 ut
133 879 215 958 olim,
237 897 301 939 cum
320 879 412 941 bostis
427 882 460 939 in
481 882 609 958 proximo
630 891 661 941 et
674 883 701 941 iu
723 898 860 942 summum
878 881 1030 942 discrimen
1043 880 1092 941 ad-

83 965 170 1024 ducta
190 983 238 1024 res
259 962 375 1043 publica
396 973 544 1042 expertum
562 963 718 1024 bonoribus
741 965 831 1025 virum
852 974 1007 1043 posceret,
1036 982 1093 1025 non

83 1044 250 1109 consulatus
275 1046 433 1108 bominibus
460 1046 567 1125 isdem,
595 1049 648 1109 sed
680 1047 755 1109 idem
779 1048 908 1110 bomines
941 1048 1092 1110 consulati-

82 1133 140 1192 bus
161 1129 359 1191 reddebantur.
389 1129 477 1192 Tanta
495 1132 545 1191 tibi
566 1132 641 1192 bene
661 1130 784 1192 faciendi
804 1133 848 1192 vis
870 1141 900 1192 ut
919 1131 1093 1210 indulgentia

41 1228 74 1279 10
85 1225 137 1276 tua
160 1216 350 1276 necessitates
369 1213 534 1275 aemuletur.
576 1213 661 1275 blodo
689 1223 852 1294 praetextas
874 1226 1025 1286 exuerant;
1046 1235 1092 1276 re·

82 1307 211 1359 sumant:
232 1297 316 1358 modo
338 1296 457 1358 lictores
477 1299 556 1359 obire
575 1299 732 1367 iusserant;
752 1307 904 1359 revocent:
927 1298 1012 1360 modo
1027 1317 1092 1376 gra·

80 1381 209 1442 tulantes
225 1383 307 1442 amici
328 1390 524 1450 recesserunt;
548 1390 734 1442 revertamur.
770 1380 934 1442 llominisne
955 1383 1028 1444 istud
1051 1385 1091 1443 in-

81 1467 200 1544 genimn
214 1474 275 1540 est,
296 1464 417 1526 bominis
438 1473 583 1544 potestas,
605 1482 745 1527 renovare
758 1465 876 1544 gaudim
899 1466 1092 1544 redintegrare

81 1549 238 1626 laetitim,
260 1548 363 1609 nubam
377 1549 505 1628 requiem
518 1547 753 1626 gratulationibus
766 1550 851 1628 dare,
872 1567 965 1630 neque
982 1550 1035 1612 alia
1046 1569 1092 1612 re·

42 1632 220 1712 repetendis
245 1632 439 1694 consentibus
465 1631 613 1694 intervalla
637 1635 803 1711 permittere
828 1635 881 1696 nisi
907 1634 970 1694 dum
995 1634 1092 1694 liniun-

81 1713 153 1779 tur?
177 1715 277 1777 Facies
297 1717 350 1777 istu
372 1733 502 1794 semper,
526 1735 581 1777 neo
599 1735 729 1796 umquam
749 1719 776 1776 in
796 1716 852 1777 boc
867 1734 957 1796 opere
972 1725 1019 1777 aut
1034 1719 1092 1776 ani·

83 1819 149 1860 mus
165 1808 231 1860 tuus
245 1809 293 1861 aut
308 1799 420 1859 lortuna
436 1799 576 1872 lassetur,
590 1799 652 1862 Des
667 1799 892 1880 quamplurimis
907 1801 1009 1862 tertios
1025 1819 1092 1862 oon·

83 1883 212 1959 sulatus,
240 1894 270 1943 et
291 1901 355 1944 cum
375 1883 502 1962 plurimis
516 1886 618 1945 tertios
639 1883 803 1945 consulatus
819 1883 950 1962 dederis,
976 1901 1092 1963 semper

82 1977 178 2028 tamen
199 1965 298 2044 plnres
318 1967 421 2048 quibus
438 1967 546 2028 debeas
568 1968 635 2028 dore
650 1969 802 2046 supersint.
835 1967 963 2028 Omnium
979 1968 1092 2048 quidem
1102 1959 1143 2024 62

40 2061 75 2112 bo
85 2051 293 2118 beneficiorum
308 2069 381 2130 qnae
395 2052 568 2112 merentibus
583 2053 739 2112 tribuuntur
753 2069 810 2112 non
824 2052 861 2112 ad
871 2054 951 2132 ipsos
962 2051 1094 2130 gaudium

83 2137 177 2195 maius
192 2151 274 2214 quam
289 2135 324 2195 ad
345 2134 452 2196 similes
473 2134 625 2196 redundat:
649 2138 805 2215 praecipue
823 2145 916 2197 tamen
937 2154 974 2197 ex
993 2137 1093 2197 borum

84 2218 236 2278 consulatu
251 2235 307 2278 non
322 2218 358 2279 ad
369 2228 480 2298 partem
494 2219 615 2298 aliquam
632 2228 765 2296 senatus,
787 2219 839 2280 sed
856 2220 891 2280 ed
906 2228 996 2281 totum
1010 2238 1092 2280 sena-

83 2312 144 2362 tum
164 2311 239 2362 tanta
259 2301 364 2364 laetitia
383 2305 516 2382 pervenit
537 2312 567 2362 nt
588 2302 709 2364 eundem
729 2303 866 2363 bonorem
880 2320 979 2363 omnes
993 2304 1047 2364 sibi
1062 2313 1093 2364 et

86 2386 205 2447 dedisse
219 2395 249 2446 et
262 2387 416 2465 accepisse
430 2387 586 2448 videantur.
614 2385 727 2464 Nempe
743 2389 818 2446 enirn
834 2386 861 2446 hi
878 2394 943 2447 sunt
957 2403 1030 2465 quos
1046 2405 1092 2447 se-

42 2479 186 2546 ttnatus,
209 2487 273 2528 cnm
291 2469 415 2547 publicis
438 2471 595 2548 sumptibus
616 2467 773 2530 minuendis
794 2470 928 2548 optimum
950 2486 1092 2549 quemque

84 2555 274 2633 praeficeret,
290 2553 397 2632 elegit,
414 2563 444 2614 ot
460 2553 573 2632 quidem
588 2556 703 2633 primos.
726 2552 789 2613 lloc
803 2563 849 2616 est
863 2555 964 2631 igitur,
978 2553 1035 2614 boc
1046 2560 1093 2615 est

85 2637 164 2716 quod
179 2638 292 2714 penitus
306 2637 374 2698 illos
388 2639 479 2698 animo
495 2635 627 2699 caesuris
644 2637 802 2698 insinuavit.
829 2638 875 2697 An
889 2654 987 2716 parum
1000 2653 1092 2714 saepe

85 2723 200 2798 experti
222 2737 317 2781 snmus
339 2721 412 2781 banc
432 2739 500 2782 esse
522 2737 616 2781 rerum
631 2721 823 2782 conditionem
836 2729 866 2781 ut
881 2729 996 2781 senatus
1012 2720 1094 2780 favor

85 2802 161 2883 apud
176 2805 336 2883 principem
350 2814 398 2864 ant
412 2805 504 2883 prosit
518 2814 565 2865 aut
580 2802 708 2866 noceat?
738 2803 841 2864 Nonne
863 2803 949 2882 paulo
972 2813 1036 2864 ante
1051 2804 1093 2863 ni·

43 2887 126 2948 dobil
145 2889 234 2965 magis
255 2887 368 2948 exitiale
389 2897 449 2948 erat
471 2904 553 2967 qnam
573 2887 622 2948 illc
636 2889 774 2967 principis
791 2889 926 2966 cogitatio
942 2887 1030 2948 ‘bunc
1047 2906 1093 2948 se·

86 2981 168 3031 natus
184 2971 304 3048 probat,
326 2971 373 3030 hic
387 2973 497 3033 senatui
513 2989 595 3032 carus
611 2969 689 3032 est'?
710 2972 817 3034 Oderat
832 2990 904 3052 quos
919 2991 972 3034 nos
987 2989 1093 3033 amare·

86 3071 167 3131 mus,
194 3054 247 3114 sed
262 3064 291 3114 ct
305 3071 358 3115 nos
374 3072 447 3134 quos
462 3055 522 3115 ille.
550 3054 633 3115 Nunc
647 3058 720 3116 inter
736 3057 894 3134 principem
909 3065 1094 3134 senatumque

88 3139 246 3214 dignissimi
263 3139 405 3217 cuiusque
420 3141 537 3200 caritate
554 3149 688 3200 certatur.
708 3139 942 3201 Demonstrcnrns
958 3138 1092 3213 invicem,

88 3220 230 3282 credimus
251 3221 390 3299 invicem,
423 3223 558 3302 quodque
578 3225 725 3283 maximum
750 3224 853 3283 amoris
874 3222 963 3281 mutui
983 3222 1094 3297 signnm

45 3309 79 3364 35
88 3313 145 3381 est,
157 3304 276 3364 eosdem
286 3322 419 3365 amemus.
441 3305 573 3382 Proinde,
585 3316 682 3385 patres
695 3306 862 3383 conscripti,
875 3303 969 3364 favete
982 3313 1093 3382 operte,

88 3388 199 3465 diligite
220 3398 393 3449 constanter.
424 3387 488 3450 Non
508 3391 562 3448 iam
581 3388 797 3450 dissimulandos
816 3396 860 3446 est
873 3405 968 3463 amor,
994 3404 1030 3446 ne
1043 3403 1094 3446 no·

89 3479 169 3540 ceat;
184 3488 241 3531 non
256 3472 440 3550 premendum
457 3473 569 3551 odium,
584 3492 622 3534 ne
637 3475 739 3552 prosit.
771 3470 879 3532 Eadem
893 3469 1001 3531 Caesar
1020 3487 1094 3549 quae

88 3563 203 3616 senatus
225 3554 327 3632 probat
347 3556 543 3636 inprobatque.
575 3557 636 3618 Vos
656 3555 706 3617 ille
725 3564 911 3635 praesentes,
936 3573 990 3616 vos
1011 3555 1093 3614 etium
