2616 4096
235 306 297 369 lto
660 305 693 367 G.
715 305 813 367 l’blNl

233 455 315 517 sellia
330 458 398 516 iura.
419 457 543 519 Possunt
560 474 632 536 ergo
648 458 751 518 intueri
765 458 913 520 utilitatem
930 475 1020 536 suam,
1035 475 1089 538 pro
1105 475 1162 538 qua
1172 458 1240 518 mibi

234 539 287 599 luit
300 541 431 601 amicitia.
465 540 547 600 Vale.

515 771 543 824 e.
563 673 828 824 anunntsfficno
846 769 907 823 suo
925 771 952 822 s.
1244 795 1259 848 5

207 885 220 936 t
297 871 437 933 Libellum
452 873 600 933 lonuatum
614 891 631 933 a
644 891 701 950 me,
717 875 792 934 sicut
803 891 955 952 exegeras,
973 891 1030 953 quo
1042 875 1151 934 amicus
1161 881 1238 950 tuus,

236 958 320 1015 immo
337 963 436 1016 noster
451 956 535 1036 (quid
548 959 622 1017 enim
637 974 694 1018 non
707 975 845 1019 eonmune
861 953 1000 1035 nollet),
1021 958 1046 1018 si
1066 975 1115 1018 res
1134 974 1239 1036 posce·

234 1047 290 1114 ret,
306 1046 444 1117 uteretur,
462 1041 525 1100 misi
540 1041 590 1100 tibi
601 1039 667 1101 ideo
678 1041 795 1120 tardius,
811 1060 847 1100 ne
858 1049 971 1119 tempus
983 1039 1151 1100 emendandi
1161 1056 1238 1116 eum,

209 1121 264 1186 aid
280 1131 325 1182 est
339 1121 521 1202 disperdendi
537 1123 670 1185 haberes.
692 1123 817 1186 Habebis
834 1133 944 1201 tamen,
959 1142 994 1185 an
1007 1122 1176 1184 emendandi
1189 1141 1239 1182 ne·

236 1207 310 1283 seio,
327 1209 426 1285 utique
442 1205 636 1286 disperdendi.
653 1198 759 1287 ‘spese
770 1201 834 1287 γὰρ
847 1204 882 1268 ol
891 1198 1021 1286 εὕζηλοι
1035 1208 1141 1286 optima
1152 1225 1238 1286 quae·
1248 1219 1276 1270 tt

209 1299 293 1367 3que
308 1290 466 1353 detrahitis.
494 1289 578 1364 Quod
593 1291 618 1351 si
632 1290 756 1370 iecerIs,
771 1292 839 1351 boui
855 1289 1008 1352 consulam.
1043 1289 1148 1351 Postea
1164 1291 1239 1350 enim

235 1371 292 1433 illis
313 1392 351 1433 ex
370 1373 464 1453 aliqua
485 1375 639 1435 occasione
659 1384 690 1434 ut
709 1376 780 1436 mels
801 1384 863 1434 utar
883 1382 912 1435 et
933 1375 1075 1434 beuclieio
1090 1371 1185 1434 lastidi
1198 1374 1239 1433 tui

184 1471 187 1476 ’
236 1457 300 1535 ipse
323 1454 474 1534 laudabor,
501 1459 580 1516 utin
604 1474 640 1517 eo
662 1458 739 1536 quod
759 1459 918 1519 adnotatum
939 1459 1070 1518 invenies
1090 1465 1120 1516 et
1139 1475 1238 1536 supra·

210 1538 1275 1703 *tiltttltititlftlmltttibilit'tttlttlltttl1⁵

234 1722 299 1763 num
315 1707 483 1785 exhumari,
498 1726 535 1768 ne
553 1717 582 1768 te
597 1715 764 1787 torqueres‚
779 1708 885 1769 addere
903 1711 995 1769 statim
1009 1708 1139 1788 pressius
1157 1707 1237 1786 quid·

236 1788 299 1848 dam
316 1798 346 1850 et
361 1789 464 1852 exilius
485 1790 534 1852 vel
549 1793 646 1870 potius
661 1791 794 1854 humilius
809 1802 838 1852 et
853 1795 952 1871 peius,
973 1801 1072 1854 vestro
1087 1801 1181 1852 tanuen
1196 1793 1237 1851 iu·

209 1869 312 1935 edicio
332 1876 450 1935 rectius.
483 1872 542 1934 Gur
558 1877 632 1935 enim
646 1892 703 1936 non
717 1893 923 1955 usquequaque
937 1878 1102 1937 tenuitatem
1112 1883 1237 1934 vestran

235 1955 368 2033 insequar
387 1966 416 2018 et
436 1955 598 2034 exagitem?
619 1957 713 2036 llaec,
737 1970 768 2020 ut
787 1961 860 2019 inter
880 1962 949 2021 istas
967 1959 1172 2039 occupationes
1187 1956 1237 2018 ali·

209 2037 303 2114 equid
319 2038 468 2118 aliquando
482 2040 607 2110 riderem
624 2042 694 2102 illud
708 2045 802 2119 serio,
823 2043 890 2104 vide
900 2052 932 2104 nt
945 2043 1013 2104 mibi
1026 2043 1161 2102 viaticum
1174 2041 1275 2102 red-uc

235 2119 285 2180 das
302 2122 379 2198 qaod
394 2124 509 2202 inpendi
524 2124 587 2185 data
598 2139 688 2204 opera
702 2143 820 2187 cursore
834 2127 961 2188 dimisso.
983 2125 1028 2188 Ne
1044 2135 1084 2204 tu,
1101 2143 1166 2185 cum
1180 2125 1236 2185 luoc

235 2201 355 2283 legeris,
373 2223 429 2266 non
439 2217 536 2286 partes
550 2207 641 2268 libelli
656 2210 709 2270 sed
723 2219 813 2270 tutum
826 2210 955 2271 libellum
970 2209 1133 2290 inprobabis
1149 2227 1236 2286 nega·

234 2287 338 2367 bisque
356 2288 443 2350 ullius
458 2293 544 2370 pretii
559 2311 626 2353 esse
643 2295 723 2354 euius
738 2295 859 2372 pretium
873 2296 1048 2374 reposueris.
1079 2291 1162 2354 Vale.

694 2426 764 2488 xtu

522 2523 550 2576 0.
568 2523 694 2576 PLINIUS
711 2523 825 2576 FEROGI
842 2523 903 2576 SUO
918 2523 947 2578 S.

210 2636 223 2684 t
295 2622 402 2685 Eadem
423 2626 546 2705 epistula
566 2635 597 2686 et
616 2643 673 2686 non
693 2626 810 2687 studere
831 2633 861 2687 te
888 2635 919 2686 et
942 2625 1057 2687 studere
1084 2627 1234 2704 significat.

233 2705 400 2785 Aenigmata
419 2708 530 2788 loquor.
564 2709 606 2770 lta
627 2710 729 2788 plane,
755 2708 848 2770 donee
867 2709 1029 2770 distinctius
1045 2711 1122 2790 quod
1142 2713 1236 2772 sentio

208 2794 385 2850 denuntiem.
417 2790 512 2870 Negat
534 2795 608 2853 enisu
627 2803 657 2854 te
677 2794 813 2871 studere,
834 2793 886 2854 sed
903 2802 950 2854 est
969 2803 1025 2853 mm
1043 2793 1132 2873 polita
1155 2811 1236 2873 quam

231 2872 286 2930 nisi
303 2889 320 2932 a
339 2874 471 2935 studente
488 2893 546 2936 non
560 2885 658 2955 potest
672 2877 775 2937 scribi:
800 2886 895 2937 autes
910 2884 941 2937 tu
953 2895 1040 2956 super
1053 2895 1152 2938 omnes
1169 2878 1233 2938 bea·
1242 2891 1276 2944 ³0

233 2963 290 3033 tus,
309 2958 334 3016 si
350 2955 416 3018 talia
430 2976 484 3037 per
501 2959 636 3022 desidiam
649 2970 678 3021 et
693 2962 781 3020 otiam
795 2961 921 3038 perticis.
951 2959 1032 3021 Vale.

479 3189 507 3246 0.
526 3189 653 3242 PLINIUS
671 3093 850 3242 Cdlldllllassdd
868 3189 953 3242 SUAE
971 3190 998 3245 S.

209 3305 223 3355 1
295 3290 338 3351 I'u
357 3294 471 3372 quidem
490 3293 709 3372 honestissime,
739 3295 817 3374 quod
835 3303 891 3356 tam
907 3297 1027 3376 inpense
1049 3304 1080 3356 et
1098 3313 1185 3373 rogas
1205 3305 1272 3361 stae

232 3376 325 3453 exigis
341 3386 373 3437 ut
393 3379 488 3458 accipi
506 3379 618 3438 lubeam
636 3396 652 3437 a
672 3387 703 3438 te
719 3380 842 3458 pretium
857 3397 990 3457 agrorum
1004 3396 1061 3440 nun
1075 3397 1112 3440 ex
1127 3380 1234 3458 septis·

232 3460 326 3536 gentis
345 3459 476 3539 milibus,
498 3463 594 3540 quanti
608 3460 675 3522 illos
691 3479 709 3521 a
723 3461 826 3523 liberto
839 3481 920 3541 meo,
942 3465 995 3524 sed
1015 3481 1053 3524 ex
1069 3465 1231 3542 nongentis,

206 3543 327 3618 equasti
341 3559 356 3599 a
370 3542 531 3620 publicanis
547 3553 655 3622 partem
671 3547 833 3608 vicesimam
850 3549 955 3608 emisti.
985 3546 1112 3608 Invicem
1129 3564 1185 3625 ego
1204 3557 1234 3608 et
