2632 4102
198 289 221 353 6
621 278 655 340 0.
677 277 774 340 PLlNl

198 437 245 499 ui'r
258 435 383 515 optimus
397 435 426 494 in
444 433 605 512 praesentia
618 431 710 509 velis,
732 449 816 512 quarn
831 431 900 509 qnid
913 448 1029 509 semper
1043 431 1085 490 sis
1101 427 1209 507 proba·
1307 423 1308 492 ἶ

174 530 292 584 iturus.
319 516 368 579 ble
389 519 466 578 circa
482 516 549 577 ldus
574 515 708 577 Octobris
724 532 812 594 spero
827 513 935 575 Romae
952 515 1077 574 futurum
1092 511 1209 573 eadem·
1307 537 1308 572 ;

200 624 257 684 que
271 603 343 665 baec
359 611 542 680 praesentem
558 617 674 679 quoque
689 608 736 659 tua
753 616 874 677 meaque
891 597 947 658 fide
960 597 1042 659 Gallo
1058 597 1208 656 confirma·
1307 601 1308 656 Ξ

200 700 306 757 turum;
334 687 380 745 cui
398 695 490 746 tamen
507 685 562 744 iam
581 701 656 744 nunc
676 682 746 744 licet
766 681 909 761 spondeas
931 681 967 742 de
987 683 1081 742 animo
1098 697 1165 741 meo
1184 665 1209 758 ἦ

177 766 256 835 5καὶ
268 765 452 850 κυανέῃσιν
463 758 518 828 ἐπ’
533 757 661 847 ὀφρύσι
672 765 784 826 νεῦσε.
807 764 867 826 (lur
878 766 954 826 enim
969 782 1027 825 non
1041 781 1230 842 usquequa-5
1307 791 1308 824 t

200 875 257 935 que
277 853 439 914 Homericis
458 851 591 912 versibus
616 867 697 928 agam
719 847 836 910 tecum?
864 859 1005 928 quatenus
1025 857 1055 909 tu
1077 866 1124 908 me
1147 849 1206 908 tuis
1307 825 1308 906 l

198 957 287 1018 agere
308 955 365 998 non
384 936 509 1015 pateris,
534 952 654 1013 quorum
673 942 748 994 tanta
769 932 925 1012 eupiditate
944 932 1032 994 ardeo
1054 943 1086 994 ut
1105 931 1206 991 videar
1307 929 1308 960 r

199 1023 267 1082 mibi
281 1021 334 1081 bac
350 1020 412 1080 sola
430 1017 565 1079 mercede
582 1035 672 1097 posse
688 1018 832 1096 corrumpi
847 1026 878 1078 ut
891 1016 939 1077 vel
956 1026 1055 1078 contra
1068 1015 1204 1076 Baeticos

175 1106 300 1172 eadsim.
321 1104 414 1164 Paene
425 1103 560 1180 praeterii
572 1101 649 1181 qnod
663 1103 777 1162 minime
789 1100 1027 1180 praetereundum
1041 1100 1105 1177 init,
1120 1117 1204 1160 acce-

201 1191 281 1268 pisse
297 1206 344 1248 ma
362 1197 490 1248 careotas
507 1188 639 1265 optimas,
656 1204 729 1265 quae
744 1203 819 1245 nnnc
834 1201 897 1245 cum
909 1185 970 1246 licis
982 1195 1012 1246 et
1023 1183 1130 1246 boletis
1143 1202 1248 1256 cer-10

199 1272 313 1334 tondum
327 1272 441 1332 babent.
475 1269 557 1331 Vale.

702 1401 740 1462 ll.

379 1503 405 1554 (l.
422 1501 545 1554 PLINIUS
564 1401 703 1554 Pomeuss
723 1499 906 1554 SATURNINO
922 1499 982 1551 SUO
1000 1499 1025 1550 S.

175 1623 191 1676 1
259 1605 477 1683 Peropportune
488 1604 557 1664 mibi
570 1603 698 1664 redditae
710 1613 776 1665 sunt
790 1602 904 1664 litterae
917 1612 994 1680 tuae,
1007 1603 1110 1680 quibus
1124 1602 1203 1680 dagi-
1212 1628 1244 1680 15

200 1689 280 1750 tabas
301 1698 332 1749 ut
351 1689 403 1749 tibi
422 1687 529 1767 aliquid
551 1707 589 1748 ex
609 1688 727 1766 scriptis
742 1689 814 1748 meis
835 1689 994 1765 mitterem,
1018 1704 1082 1747 cum
1099 1703 1156 1764 ego
1174 1686 1202 1747 id

198 1774 294 1851 ipsum
305 1772 504 1834 destinassem.
515 1771 659 1832 Addidisti
670 1789 742 1850 ergo
755 1771 877 1833 calcaria
888 1779 993 1849 sponte
1005 1772 1141 1847 currenti,
1153 1787 1202 1849 pa·
1231 1773 1232 1776 ’

197 1859 327 1935 riterque
343 1865 373 1916 et
388 1857 439 1917 tibi
455 1858 567 1916 veniam
583 1856 736 1918 recusandi
751 1855 858 1916 laboris
876 1854 989 1915 etmihi
1004 1853 1138 1932 exigendi
1151 1872 1202 1913 ve·

174 1939 362 2008 arecundiam
384 1939 534 2002 sustulisti.
564 1939 635 1999 Nam
655 1956 710 2000 nec
734 1957 781 2000 me
796 1938 894 1999 timide
911 1940 951 1999 uti
968 1937 1054 2000 decet
1069 1955 1105 1998 eo
1126 1937 1203 2016 quod

198 2022 324 2083 oblatum
339 2032 386 2084 est
402 2041 458 2083 nec
474 2033 504 2085 te
519 2024 630 2102 gravari
645 2023 722 2102 quod
739 2023 949 2102 depoposcisti.
970 2021 1036 2082 Non
1051 2032 1096 2083 est
1111 2031 1202 2082 tamen
1209 2045 1244 2098 20

198 2106 276 2185 quod
289 2107 325 2167 ab
342 2107 456 2168 bomine
472 2106 621 2169 desidioso
635 2107 743 2186 aliquid
756 2108 825 2167 novi
840 2108 939 2185 operis
955 2115 1105 2184 expectes.
1126 2106 1201 2166 Peti-

198 2199 278 2251 turus
294 2209 357 2251 sum
369 2193 444 2251 enim
455 2201 487 2251 ut
496 2209 595 2253 rursus
609 2209 695 2252 vaces
712 2193 837 2253 sermoni
852 2207 937 2269 quem
951 2189 1027 2268 apud
1040 2191 1200 2268 municipes

173 2289 279 2342 amcos
295 2273 381 2335 habui
396 2274 600 2335 bibliothecam
616 2274 808 2337 dedicaturus.
838 2273 955 2335 blemini
972 2273 1086 2352 quidem
1102 2282 1131 2334 te
1147 2276 1201 2333 iam

198 2357 335 2437 quaedam
356 2357 526 2438 adnotasse,
547 2359 599 2420 sed
619 2359 807 2438 generaliter:
830 2358 898 2420 ideo
914 2375 990 2419 nunc
1006 2374 1079 2435 rogo
1094 2367 1125 2418 ut
1144 2374 1201 2417 non

198 2451 303 2502 tantum
317 2443 496 2504 universitati
513 2445 576 2504 eius
598 2443 744 2523 attendas,
761 2461 861 2504 verum
877 2445 961 2503 etiam
974 2441 1129 2519 particulas
1146 2459 1242 2516 quaer,

181 2526 277 2587 'soles
293 2525 359 2587 lima
374 2529 569 2606 persequaris.
588 2526 652 2588 llrit
668 2529 744 2588 enim
759 2537 789 2588 et
804 2537 872 2606 post
886 2525 1113 2587 emendationem
1127 2524 1200 2586 libe·
1307 2531 1308 2612 l

175 2623 261 2677 crum
280 2611 364 2672 nobis
378 2611 427 2672 vel
447 2610 596 2688 publicare
612 2611 660 2672 vel
683 2613 841 2673 continere.
873 2611 950 2687 Quin
970 2612 1056 2670 immo
1076 2609 1199 2671 fortasse
1307 2635 1308 2708 p

198 2693 272 2754 bane
291 2695 382 2772 ipsam
404 2697 612 2756 cunctationem
640 2705 765 2758 nostram
792 2697 821 2754 in
847 2693 1010 2755 alterutram
1031 2697 1199 2755 sententium
1307 2735 1308 2740 ι

197 2776 403 2838 emendationis
418 2781 492 2839 ratio
508 2779 643 2856 deducet,
659 2797 733 2860 quae
749 2789 796 2840 aut
811 2778 957 2856 indignum
972 2777 1116 2856 editione,
1133 2778 1198 2838 dum
1307 2755 1308 2846 Ῐ

195 2863 312 2940 saepius
327 2869 478 2940 retractat,
493 2864 619 2924 inveniet
639 2872 687 2924 aut
706 2863 838 2942 dignum,
854 2863 921 2924 dum
934 2863 963 2923 id
978 2864 1072 2942 ipsum
1086 2865 1243 2942 experiare
1307 2905 1308 2938 3

172 2953 261 3023 etur,
285 2943 403 3006 eiliciet.
432 2945 607 3027 Quamquam
621 2947 704 3008 buius
720 2948 908 3023 cunctationis
924 2965 1005 3008 meae
1023 2964 1128 3009 causae
1141 2965 1198 3008 non
1307 2941 1308 3018 l

197 3037 252 3088 tam
265 3029 293 3088 in
310 3030 427 3108 scriptis
444 3048 526 3109 quam
539 3033 568 3090 in
586 3032 653 3108 ipso
669 3032 804 3092 materiae
817 3049 928 3110 genere
945 3033 1115 3093 consistunt.
1145 3030 1198 3093 list
1307 3027 1308 3066 l

195 3113 272 3173 enim
288 3112 374 3191 paulo
394 3116 478 3192 quusi
498 3114 657 3193 gloriosius
679 3123 709 3176 et
726 3114 839 3177 elatius.
873 3114 1008 3176 Onerabit
1029 3115 1086 3176 boc
1100 3115 1196 3176 mode·
1307 3151 1308 3154 =

194 3197 277 3256 stiam
291 3206 432 3276 nostram,
448 3199 559 3260 etiamsi
574 3198 657 3260 stilus
669 3200 735 3277 ipse
747 3216 866 3277 pressus
882 3197 1083 3278 demissusque
1098 3199 1195 3278 fuerit,
1307 3238 1308 3254 ι

194 3290 351 3359 propterea
361 3281 439 3361 quod
452 3284 582 3360 cogimur
593 3300 658 3342 eum
671 3282 708 3343 de
722 3283 912 3345 munificentia
924 3293 1073 3362 parentum
1084 3292 1240 3348 nocuo-35

170 3373 258 3428 orum
276 3373 335 3425 tum
356 3363 393 3426 de
416 3374 513 3426 nostra
531 3365 689 3444 disputare.
720 3365 838 3446 Anceps
852 3367 900 3427 bic
921 3377 951 3428 et
967 3367 1095 3430 lubricus
1112 3367 1195 3430 locus
1307 3395 1308 3404 ι

194 3455 250 3524 est,
271 3449 356 3509 etiam
378 3466 443 3508 cum
456 3447 499 3508 illi
511 3451 669 3512 necessitas
690 3447 879 3513 lenocinatur.
907 3450 1021 3514 Etenim
1041 3454 1066 3513 si
1085 3451 1195 3514 alienae
1307 3465 1308 3494 ³

195 3547 312 3609 quoque
328 3529 428 3594 laudes
445 3548 543 3610 parum
557 3536 658 3613 aequis
672 3533 788 3597 auribus
804 3537 898 3614 accipi
915 3535 1027 3614 solent,
1044 3554 1127 3615 quam
1142 3537 1194 3596 dii·
