2614 4104
232 296 295 360 292
659 294 692 356 G.
710 293 808 359 l‘lle

234 449 310 509 enim
322 446 433 526 imitari,
447 457 478 510 te
492 447 629 526 subsequi
643 445 766 508 student.
786 446 856 508 ldeo
868 456 986 528 utraque
994 462 1091 508 morea
1105 445 1241 527 eosdem,

234 533 299 612 quia
312 539 430 610 utraque
443 543 508 593 tuos
522 531 617 594 babet
638 528 707 592 lude
722 530 895 608 moderatio,
916 531 983 592 inde
997 533 1082 591 etiam
1096 539 1243 609 perpetua

234 615 381 678 eeouritae.
408 613 511 694 Neque
533 616 608 675 enim
627 632 757 692 umquam
777 613 1011 693 periclitabuntur
1027 614 1242 692 esse'priratee

234 715 307 779 quae
320 713 377 758 oon
391 697 545 759 desierant.
568 695 717 758 Obtulerat
727 697 784 759 illis
795 707 911 758 senatus
921 713 1082 776 eognomen
1093 696 1242 774 Angusta·

234 799 312 856 mm,
332 780 409 859 quod
423 782 552 843 certatim
567 779 738 859 deprecatae
753 789 837 858 sunt,
856 798 941 859 quana
955 782 1002 842 diu
1014 778 1268 860 appellationeme

234 866 322 945 patris
338 865 446 941 patriae
461 874 491 925 tu
505 881 691 940 recusasset,
712 883 764 924 seu
781 863 858 942 quod
871 863 937 943 plus
952 883 1021 926 esse
1033 865 1063 922 iu
1076 881 1113 924 eo
1129 863 1242 926 iudiea-

235 949 318 1022 bant,
342 948 367 1007 ai
381 964 453 1007 uxor
471 956 501 1008 et
516 963 599 1008 soror
613 957 660 1008 tua
676 965 759 1026 quam
774 950 799 1009 ai
813 948 960 1026 Augustae
974 948 1145 1008 dicerentur.
1177 947 1242 1008 Sed

234 1047 430 1109 quaeeumque
444 1029 501 1092 illis
514 1032 585 1090 ratio
600 1039 703 1093 tantam
715 1030 883 1092 modestiam
897 1033 1003 1109 suasit,
1020 1030 1076 1091 boo
1089 1031 1180 1108 magis
1194 1029 1241 1090 di-

234 1131 308 1192 gnae
322 1123 389 1175 sunt
402 1132 474 1194 quae
488 1115 625 1176 inanimis
642 1117 747 1175 nostrie
761 1124 791 1176 et
805 1115 861 1175 sint
874 1123 904 1176 et
918 1115 1073 1176 habeantur
1086 1121 1241 1192 augustae,

234 1199 300 1277 quia
314 1214 369 1260 noo
383 1206 529 1260 tonantur.
558 1195 632 1272 Quid
652 1198 727 1260 enim
741 1196 908 1260 laudabilius
922 1198 1035 1260 leminis
1050 1215 1130 1275 quam
1143 1199 1171 1258 ei
1184 1210 1285 1260 ure-10

234 1299 296 1342 rom
310 1281 447 1344 bonorem
461 1283 559 1342 nonin
578 1279 734 1361 splendore
748 1280 892 1344 titulorum
905 1281 958 1343 sed
978 1283 1007 1342 in
1021 1280 1130 1340 iudioiie
1145 1280 1242 1340 bomi-

233 1383 299 1426 num
313 1374 468 1507 reptpnant,
485 1365 652 1444 magnisque
666 1365 824 1425 nominibus
838 1383 923 1443 pares
936 1383 970 1427 se
984 1364 1104 1440 laoiam,
1125 1371 1155 1424 et
1171 1362 1242 1424 durn

234 1457 368 1510 recusant

184 1538 225 1602 85
298 1529 357 1592 lam
370 1532 453 1592 etiam
470 1533 498 1591 in
519 1532 689 1608 priuatorum
703 1533 802 1594 animis
816 1530 984 1594 exoleverat
995 1533 1121 1610 priseum
1132 1541 1243 1594 morta·

236 1612 304 1676 lium
321 1615 442 1692 bonum,
460 1615 598 1692 amititia,
615 1617 696 1676 ouius
711 1616 739 1676 in
752 1613 848 1676 looum
862 1617 1052 1693 migraverant
1063 1614 1285 1680 adsentatio-15

235 1717 304 1777 nee,
319 1696 489 1778 blanditiae,
505 1708 534 1760 et
545 1700 627 1777 peior
636 1697 701 1759 odio
715 1701 818 1760 amoris
831 1698 980 1760 simulatio.
998 1697 1110 1762 Etenim
1119 1699 1150 1760 in
1160 1699 1243 1776 prin·

236 1784 329 1862 oipum
340 1781 424 1844 domo
435 1800 537 1844 nomen
548 1792 653 1844 tantmn
665 1782 819 1860 amicitiae,
833 1784 916 1844 inane
928 1782 1041 1844 seilioet
1051 1783 1242 1861 iurisumque,

235 1866 408 1928 remanebat.
437 1865 508 1928 lllam
530 1884 603 1945 quae
627 1875 740 1945 poterat
759 1885 827 1927 esee
845 1868 986 1927 intereos
1006 1867 1144 1942 amioitia,
1166 1883 1243 1945 quo·

234 1967 295 2008 rum
309 1950 364 2011 sibi
378 1950 425 2010 alii
440 1948 559 2026 domiui,
576 1949 623 2011 alii
637 1951 715 2012 eervi
731 1947 918 2012 videbantur?
940 1949 983 2010 l'u
995 1950 1068 2010 bano
1084 1949 1196 2029 pulsem
1208 1943 1244 2012 et

235 2040 375 2092 errantem
389 2031 644 2095 reduxisti:·babes
658 2035 783 2111 amieos,
798 2036 862 2113 quia
873 2036 980 2096 audeus
991 2035 1055 2112 ipae
1072 2051 1114 2094 ee.
1133 2031 1243 2112 Neque
1252 2045 1285 2098 ὓ]

151 2166 156 2178 s
235 2116 310 2175 enlm
324 2123 354 2174 ut
371 2114 425 2174 alia
438 2117 577 2178 subtantia
592 2118 632 2176 ita
645 2134 723 2178 amor
737 2119 906 2196 imperatur,
931 2135 1026 2196 neque
1040 2127 1085 2178 est
1099 2115 1175 2176 ullue
1189 2117 1243 2176 ad·

234 2197 329 2259 lentus
342 2206 398 2258 mm
413 2207 529 2260 ereotoe
544 2207 573 2260 et
587 2198 661 2262 liber
679 2211 709 2262 et
730 2199 925 2262 dominationis
940 2202 1098 2279 inpatiens,
1117 2218 1174 2260 neo
1188 2203 1243 2278 qui

233 2291 536 2430 ttttlttttt‘t
549 2282 658 2444 alili,t
668 2286 1051 2448 {libiilllil'llill‘}
1059 2292 1243 2443 ’otili

233 2451 403 2529 ipsaemet,
431 2469 487 2512 non
500 2460 606 2529 potest.
636 2450 740 2530 Diligis
756 2469 844 2530 ergo,
870 2469 935 2514 oum
949 2450 1093 2528 diligaris,
1112 2460 1141 2511 et
1156 2452 1186 2511 in
1200 2469 1241 2512 eo
1251 2461 1284 2515 ub

234 2533 311 2613 quod
325 2536 464 2614 utrimque
475 2535 700 2608 honestissimum
716 2545 762 2598 est
775 2543 835 2596 tota
845 2534 936 2613 gloria
951 2543 998 2596 tua
1013 2544 1072 2604 est;
1090 2535 1139 2612 qui
1153 2551 1244 2612 aupe-

233 2620 292 2679 rior
312 2617 406 2680 laetus
426 2616 578 2681 deseendls
599 2620 626 2679 io
647 2621 738 2680 omnia
754 2618 947 2682 familiaritatis
970 2618 1065 2680 oldaia
1081 2627 1113 2680 et
1129 2620 1158 2678 in
1172 2620 1242 2678 ami·
1302 2687 1303 2692 ἵ

235 2719 352 2764 eumen
362 2704 533 2782 inperatore
547 2704 742 2772 summittatis:
757 2702 841 2764 immo
856 2711 926 2764 tune
935 2703 1057 2764 maxime
1069 2704 1241 2780 imperator,
1302 2701 1303 2704 ’

235 2802 299 2844 eum
313 2786 432 2846 amioum
445 2789 516 2864 agis.
544 2785 656 2847 Etenim
671 2803 735 2848 eum
750 2787 877 2865 plurimis
894 2787 1023 2848 amicitiis
1035 2784 1147 2848 lortuua
1161 2784 1242 2863 prin-

235 2868 330 2946 oipum
342 2867 486 2946 indigeat,
510 2872 693 2950 praeeipuam
707 2871 901 2949 estprincipio
915 2887 990 2949 opus
1003 2870 1111 2931 amieos
1124 2885 1240 2948 parare.
1251 2878 1285 2932 ao

234 2949 349 3012 l'looeat
366 2951 417 3012 tibi
432 2970 549 3032 semper
562 2951 636 3016 haee
649 2963 746 3031 aeota,
763 2963 793 3014 et
807 2971 870 3014 oum
885 2953 954 3015 alias
968 2955 1089 3014 virtutes
1102 2961 1165 3012 tuas
1179 2960 1242 3010 turn

233 3033 306 3096 bauo
321 3036 549 3098 constantissime
564 3046 683 3115 teneas,
698 3056 753 3100 neo
768 3055 900 3117 umquam
915 3036 1120 3116 persuadeatur
1131 3033 1242 3096 humile

234 3137 302 3182 este
316 3119 455 3199 prioolpi,
476 3120 531 3182 nisi
547 3120 655 3184 odisse.
681 3121 918 3182 luoundiesimum
937 3129 985 3182 eet
998 3121 1026 3180 in
1040 3121 1128 3181 rebus
1141 3117 1243 3178 buma-

233 3205 277 3264 nie
291 3205 392 3282 amari,
417 3203 541 3266 sednon
559 3205 649 3269 minus
663 3223 767 3268 amare.
799 3203 925 3280 Quorum
941 3213 1064 3283 utroque
1077 3204 1116 3264 ita
1135 3201 1243 3264 frueris

233 3296 280 3363 ut,
296 3305 360 3348 oum
374 3289 439 3367 ipse
454 3288 650 3352 ardentissime
671 3289 790 3368 diligas,
801 3288 894 3350 adbuc
909 3299 1002 3350 mmen
1016 3286 1160 3350 ardentius
1178 3283 1281 3350 oili-eu
1302 3315 1303 3362 r

232 3372 324 3448 geris:
351 3372 486 3451 primum,
509 3372 573 3451 quia
588 3371 699 3434 laoilius
721 3383 783 3451 eet,
811 3391 896 3434 unum
911 3389 1005 3434 amare
1020 3388 1104 3451 quam
1117 3368 1241 3438 multoe:

233 3452 354 3531 deinde,
376 3457 440 3534 quia
453 3457 506 3518 tibi
521 3457 629 3518 amieos
644 3465 709 3518 tuoe
725 3457 870 3536 obligandi
884 3456 967 3520 adest
981 3453 1101 3518 laoultas
1116 3462 1193 3516 muta
1207 3463 1242 3516 ut

181 3528 222 3590 86
232 3551 316 3594 nemo
330 3544 359 3596 te
377 3539 471 3615 possit
483 3541 538 3598 nisi
552 3541 677 3616 ingratus
689 3556 745 3601 oon
759 3543 850 3617 magis
864 3557 967 3600 amare.
989 3538 1240 3618 operaepretium
