2616 4096
226 275 288 339 172
646 275 678 336 G.
701 273 799 335 PLllll

225 437 256 487 ut
276 429 367 487 omnia
387 427 550 501 emendem,
577 425 653 505 quod
671 427 839 504 contingere
857 442 912 485 non
928 434 1026 504 potest
1042 425 1137 484 electa
1156 427 1224 485 rcci-

201 511 359 572 btantibus.
378 508 507 570 naillac
524 509 681 569 modestius
695 510 862 570 etiortasse
878 509 1065 569 reverentius.
1099 507 1157 566 Sed
1172 507 1225 568 boc

227 593 384 672 simplicius
405 603 435 654 et
454 595 600 654 amantius.
629 591 711 652 Amat
733 594 807 653 enim
830 595 925 670 quise
941 593 1178 669 sioamariputat
1198 601 1226 650 ut

227 676 350 736 taedium
365 694 420 736 non
432 677 630 754 pertimescat:
652 685 681 735 ct
695 675 800 753 alioqui
816 675 882 753 quid
897 684 1041 754 praestant
1056 673 1182 752 sodalis,
1204 676 1225 735 si

228 761 398 819 conveniunt
414 759 568 836 voluptatis
589 775 657 819 suae
674 755 780 818 causa?
800 757 947 818 Delicatus
962 775 995 817 ac
1012 757 1112 818 similis
1130 758 1248 836 ignotot

202 851 274 906 cest
291 843 338 920 qui
357 842 439 902 amici
455 840 558 902 librum
578 841 681 900 bonnm
701 841 805 902 mavult
818 841 915 900 audire
929 857 1012 919 quam
1026 841 1134 900 iacere.
1167 841 1227 901 llon

227 925 324 985 dubito
339 943 446 1003 cupere
464 933 493 984 te
509 941 560 1001 pro
576 935 674 986 cetera
686 925 742 983 mei
757 925 874 984 caritate
890 941 971 1002 qnam
985 923 1175 985 maturissime
1189 925 1227 984 le·

226 1025 297 1085 gere
317 1008 392 1068 bunc
414 1006 505 1068 adhuc
526 1016 667 1068 musteum
682 1006 792 1066 librum.
827 1005 940 1084 Leges,
965 1006 1018 1067 sed
1031 1015 1227 1076 retractatum
1292 976 1300 1077 Ι

227 1108 299 1169 quae
317 1107 401 1150 causa
414 1090 552 1151 recitandi
566 1090 634 1158 iuit;
651 1099 681 1150 et
696 1099 789 1151 tamen
804 1107 862 1150 non
879 1089 956 1150 nulla
969 1091 1023 1149 iam
1038 1108 1075 1150 ex
1092 1108 1129 1150 eo
1143 1094 1227 1151 nosti.

225 1172 305 1234 llaec
315 1174 462 1234 emendata
474 1184 576 1253 postea
586 1173 646 1251 vel,
662 1172 738 1251 quod
753 1173 892 1233 interdurn
904 1173 1035 1250 longiore
1050 1191 1129 1234 mora
1140 1174 1226 1252 solet,
1235 1190 1260 1242 lt
1302 1171 1303 1196 ¹

227 1255 367 1317 deteriora
381 1257 455 1318 iacta
471 1259 550 1336 quasi
565 1274 638 1317 nova
652 1274 750 1317 rursus
762 1265 792 1317 et
808 1256 948 1336 rescripta
963 1272 1136 1333 cognosces.
1159 1256 1227 1318 Nan

226 1340 373 1419 plerisque
384 1342 495 1402 mutatis
508 1360 543 1401 ea
555 1356 669 1419 quoque
679 1349 781 1401 mutata
790 1340 920 1400 videntur
929 1357 1001 1417 quae
1010 1349 1133 1400 manent.
1147 1340 1225 1402 Vale.

678 1469 770 1530 XXll.

510 1566 537 1621 0.
557 1567 681 1618 PLINIUS
700 1567 823 1618 nummo
838 1567 900 1619 SUO
916 1567 943 1618 S.

202 1683 216 1734 1
288 1668 407 1729 Nostine
424 1668 478 1728 bos
500 1670 547 1747 qui
563 1671 684 1729 omniurn
699 1669 844 1730 libidinum
863 1669 940 1730 servi
961 1669 1004 1729 sic
1019 1668 1138 1729 aliorum
1153 1671 1226 1730 vitiis

227 1756 385 1815 irascuntur
406 1753 484 1830 quasi
498 1751 639 1813 invideant
658 1762 688 1812 et
707 1755 874 1831 gravissime
889 1754 1006 1830 puniunt
1022 1770 1094 1831 quos
1109 1755 1226 1814 maxime

228 1831 387 1897 imitantur?
406 1852 469 1893 oum
486 1853 537 1895 eos
553 1837 635 1895 etiam
650 1837 767 1915 quinon
782 1835 909 1914 indigent
923 1834 1072 1896 clementia
1086 1835 1174 1897 ullius
1187 1837 1225 1897 ni·

203 1919 267 1982 nhil
280 1921 370 1996 magis
384 1937 466 1997 quam
480 1918 580 1978 lenitas
599 1918 708 1979 deceat.
740 1919 834 1997 Atque
856 1936 913 1996 ego
934 1919 1068 1998 optimum
1088 1928 1118 1980 et
1133 1939 1225 1980 emen·

229 2001 402 2062 datissimum
417 2003 547 2060 existimo
564 2005 611 2080 qui
630 2004 735 2064 ceteris
750 2005 788 2063 ita
804 2004 928 2080 ignoscit
940 2011 1080 2081 tamquam
1099 2004 1166 2081 ipse
1181 2018 1262 2069 com

227 2084 294 2146 tidie
313 2093 435 2162 peccet,
457 2085 495 2143 ita
516 2087 643 2163 peccatis
661 2087 783 2147 abstinet
803 2095 941 2165 tamquam
962 2085 1065 2145 nemini
1086 2086 1226 2163 ignoscat.

200 2166 349 2232 3Proinde
364 2167 420 2225 boc
433 2165 525 2245 domi,
540 2168 696 2248 hebionis,
718 2170 774 2229 boo
788 2169 816 2251 in
832 2170 906 2228 omni
917 2169 992 2231 vitae
1007 2187 1116 2246 genere
1131 2179 1226 2230 tenea·
1294 2144 1303 2193 ὰ

227 2269 307 2328 mus,
332 2260 363 2311 ut
383 2249 465 2311 uobis
486 2249 670 2330 inplacabiles
688 2255 791 2330 simus,
816 2250 977 2313 exorabiles
996 2253 1059 2313 istis
1080 2252 1166 2313 etiam
1181 2255 1228 2332 qui

228 2336 294 2396 dare
309 2337 420 2395 veniam
434 2334 488 2395 nisi
504 2334 559 2395 sibi
573 2337 720 2413 nesciunt,
746 2334 966 2414 mandemusque
982 2337 1136 2396 memoriae
1153 2336 1227 2415 quod

226 2421 270 2479 vir
283 2417 445 2479 mitissimus
460 2425 489 2476 et
501 2418 536 2478 ob
553 2418 608 2479 boc
625 2437 738 2498 quoque
752 2419 904 2496 maximus,
917 2417 1053 2497 Thrasea,
1069 2419 1173 2479 crebro
1188 2420 1262 2489 ili-25

227 2520 294 2563 cere
309 2501 431 2578 solebat,
447 2503 506 2579 ‘qni
522 2502 588 2562 vitia
603 2502 679 2580 odit,
700 2503 827 2562 homines
849 2501 930 2562 odit’
962 2501 1226 2576 Quaerisiortosse
1300 2531 1301 2534 ¹

201 2597 284 2666 dquo
299 2593 455 2646 commotus
470 2584 542 2644 hacc
555 2587 686 2645 scribam.
710 2585 809 2665 Nuper
823 2584 934 2664 quidam
943 2617 987 2633 ·-
1000 2585 1053 2646 sed
1063 2584 1167 2646 melius
1179 2604 1226 2646 co·
1300 2619 1301 2634 ÷

226 2688 299 2738 ram3
322 2685 488 2748 quamquam
500 2686 537 2728 ne
548 2678 616 2729 tuno
630 2669 751 2748 quidem.
783 2668 895 2729 Vereor
909 2671 983 2729 eninr
997 2688 1034 2728 ne
1050 2667 1078 2727 id
1094 2668 1173 2747 quod
1187 2671 1227 2730 in-

226 2753 319 2832 probo
336 2753 469 2812 insectari
491 2769 609 2830 carpere
623 2752 685 2814 iere
699 2753 765 2813 huic
782 2752 859 2831 quod
876 2771 940 2814 cum
953 2754 1071 2812 maxime
1084 2753 1227 2832 praecipi·

227 2853 288 2895 mus
304 2842 455 2911 repugnet.
488 2832 623 2913 Quisquis
646 2835 712 2914 ille,
738 2835 968 2915 qualiscumque,
990 2835 1126 2913 sileatur,
1142 2853 1262 2915 quemsn

228 2915 500 3058 insignirelexempli
513 2916 593 2995 nibil,
608 2937 664 2979 non
678 2921 812 2998 insignire
827 2920 1001 2980 humanitatis
1017 2917 1168 2997 plurimum
1181 2939 1227 2980 re·

229 3002 294 3064 lert.
324 3000 405 3060 Vae.

1234 1599 1303 1650 lb*

674 3134 780 3196 xxlll.

106 3217 132 3259 ⁶
472 3233 499 3287 c.
516 3234 639 3286 ruamus
654 3235 859 3287 nnncsnmuo
877 3235 938 3286 suo
954 3233 981 3288 s.

203 3351 216 3401 l
289 3338 386 3398 Omnia
399 3338 465 3398 milri
476 3339 578 3415 studia,
591 3357 690 3399 omnes
703 3357 797 3417 curas,
812 3341 904 3399 omnia
916 3346 1098 3400 avocamenta
1109 3341 1228 3417 exemit,

227 3425 366 3498 excussit,
386 3423 488 3501 eripuit
502 3421 594 3500 dolor,
611 3439 694 3500 quem
710 3441 747 3482 ex
760 3432 852 3482 morte
865 3421 926 3482 luni
941 3421 1019 3483 Aviti
1031 3422 1229 3499 gravissimum

199 3507 300 3586 accpi.
320 3503 417 3564 Latum
432 3504 541 3563 clarum
554 3506 582 3563 in
598 3504 681 3565 domo
692 3522 755 3565 mea
765 3506 908 3566 induerat:
926 3505 1060 3582 suffragio
1071 3522 1138 3567 meo
1151 3506 1228 3567 adin-

1235 3269 1265 3326 35
