2632 4102
323 272 587 336 EPISTULARUM
609 274 632 334 1.
654 282 756 338 15.16.
773 283 815 338 ιι.
832 283 874 338 ra.
1059 272 1098 336 15

92 420 175 502 Quae
191 428 252 487 sive
266 426 361 487 uxoris
377 437 459 504 sunt,
474 434 506 486 ut
520 426 660 501 adlirmm,
677 427 738 486 sive
751 427 859 504 ipsius,
877 436 907 487 ut
925 435 1022 504 negat,
1039 427 1099 505 pari

90 511 186 591 gloria
200 511 301 590 dignus
317 512 365 589 qui
378 519 426 571 aut
437 509 485 572 illa
497 518 649 589 eomponat
660 519 707 568 aut
717 526 846 586 uxorem,
863 527 946 588 quam
959 511 1099 587 virginem

89 595 224 673 aceepit,
244 603 300 654 tam
318 594 431 654 doctam
444 595 618 674 politamque
633 592 798 653 reddiderit.
832 591 887 654 llst
901 611 972 671 ergo
987 599 1123 657 meeum?

88 698 144 759 per
161 679 236 738 diem
247 687 352 738 totum:
370 678 491 739 eundem
502 688 651 756 antequam
666 677 799 752 scribam,
816 677 937 737 eundem
952 695 1016 737 eum
1028 680 1098 737 seri-

66 764 154 841 5psi,
173 762 295 822 eundem
310 763 394 822 etiam
412 779 477 823 oum
489 763 633 837 remittor,
655 778 713 821 non
727 769 866 840 tamquam
882 759 1004 822 eundem
1018 759 1097 838 lego.

88 847 175 920 Quod
191 854 222 906 te
236 862 351 924 quoque
365 854 397 906 ut
411 846 499 906 iacias
515 854 544 906 et
557 845 657 906 hortor
670 854 701 904 et
713 862 828 905 moneo.
846 842 949 923 Neque
963 846 1037 905 enim
1047 845 1122 905 des

87 932 138 992 bet
153 930 293 1008 operibus
308 931 371 990 eius
382 930 490 991 obesse
502 927 578 1007 quod
588 931 668 989 vivit.
685 928 731 987 An
745 929 770 989 si
784 929 922 990 intereos
935 946 1098 1008 quosnam·

88 1032 173 1096 quam
194 1012 316 1074 vidimus
334 1013 497 1090 lloruisset,
523 1030 580 1072 non
596 1012 688 1074 solum
701 1011 792 1074 libros
815 1014 876 1074 eius
892 1030 992 1073 uerum
1014 1014 1098 1074 etiam

86 1100 229 1176 imagines
244 1098 470 1178 requireremus3
486 1096 615 1157 eiusdem
628 1114 703 1156 nune
718 1096 810 1156 honor
821 1098 981 1174 praesentis
994 1106 1024 1159 et
1034 1114 1099 1174 gra·

51 1185 125 1246 lotia
137 1183 222 1262 quasi
237 1183 367 1242 satietate
381 1178 562 1259 languescit?
576 1180 616 1241 m
626 1181 683 1241 hoo
692 1198 810 1259 pravum
820 1181 1028 1260 malignumque
1040 1187 1122 1259 est,9

85 1284 145 1327 nou
165 1266 296 1326 admirari
310 1263 452 1327 lrominem
468 1265 650 1326 admiratione
667 1264 877 1342 dignissimum,
907 1265 972 1343 quia
985 1263 1097 1341 videre,

86 1350 225 1429 adloqui,
247 1347 361 1427 audire,
385 1345 556 1428 oompleoti,
577 1368 633 1410 neo
647 1346 762 1408 laudare
776 1357 882 1408 tautum
900 1348 1099 1408 verumetiam

87 1453 183 1496 amare
200 1434 329 1511 contigit.
357 1431 439 1494 Vale.

579 1565 605 1625 V
634 1610 642 1626 .

285 1665 313 1719 O.
331 1663 457 1714 PLINIUS
476 1566 777 1716 003N{ngT1T1ANO
797 1663 856 1716 SUO
876 1663 903 1718 S.

151 1765 208 1828 Est
222 1765 314 1826 adhue
330 1784 415 1828 aurae
435 1765 595 1827 hominibus
616 1766 687 1829 lides
704 1776 734 1828 et
749 1767 885 1843 officium,
903 1774 968 1826 sunt
984 1766 1032 1845 qui
1046 1766 1119 1828 de·l

89 1851 254 1912 iunctorum
274 1868 389 1928 quoque
406 1852 513 1911 amieos
531 1859 625 1929 agant.
660 1850 778 1913 Titinius
797 1848 899 1930 Capito
919 1850 955 1910 ab
975 1851 1096 1930 impera·

89 1943 152 1995 tore
168 1943 268 1996 nostro
288 1935 448 2012 impetrauit
467 1943 498 1994 ut
517 1935 571 1995 sibi
591 1933 694 1996 liceret
709 1944 828 1996 statuam
841 1933 873 1993 l.
890 1932 977 1994 Silani
990 1935 1019 1995 in
1034 1932 1098 1994 loro

51 2024 213 2098 iopouere.
232 2016 383 2078 Pulehmm
397 2028 427 2080 et
439 2036 541 2097 magna
554 2017 638 2079 laude
653 2018 766 2098 dignum
783 2019 903 2079 amicitia
917 2019 1054 2097 principis
1069 2019 1121 2078 int
1152 2021 1153 2025 ’

89 2103 146 2164 hoe
166 2103 221 2181 uti,
240 2110 430 2182 quantumque
445 2104 535 2180 gratia
547 2101 646 2164 valeas
660 2103 778 2164 aliorum
792 2102 946 2164 honoribus
962 2101 1098 2180 experiri.

89 2185 143 2248 Est
158 2187 273 2247 omnino
286 2183 416 2264 Capitoni
430 2188 458 2246 in
473 2205 526 2248 usu
538 2185 632 2247 eleros
647 2189 724 2250 uiros
741 2187 850 2248 eolere.
871 2185 973 2248 Mirum
986 2195 1031 2246 est
1042 2191 1121 2264 quad

90 2270 245 2348 religione,
265 2287 322 2350 quo
334 2269 428 2330 studio
439 2271 576 2349 imagines
588 2271 748 2349 Brutorum,
765 2269 940 2348 Cassiorum,
959 2267 1098 2330 Catonum

92 2355 179 2434 domi,
198 2354 247 2414 ubi
259 2363 367 2433 potest,
378 2352 491 2416 habeat.
512 2353 592 2416 Idem
606 2353 753 2416 clarissimi
767 2358 905 2433 ouiusque
916 2356 1002 2413 vitam
1014 2370 1098 2430 egre·

53 2440 147 2516 legiis
162 2439 332 2500 carminibus
347 2448 476 2499 exornat.
495 2438 576 2500 Soias
590 2439 683 2518 ipsum
701 2439 828 2520 plurimis
843 2439 993 2500 virtutihus
1009 2437 1123 2497 abun-4

93 2522 160 2583 dere
176 2523 226 2603 qui
241 2521 348 2583 alienas
363 2523 406 2583 sio
418 2531 500 2583 amat.
535 2522 674 2584 Redditus
695 2533 741 2586 est
758 2521 789 2582 L.
807 2521 902 2583 Silano
918 2521 1031 2581 debitus
1045 2519 1098 2580 lro·

93 2624 162 2685 nor,
180 2607 262 2668 ouius
279 2604 470 2667 inmortalitati
486 2605 588 2686 Capito
604 2610 755 2688 prospexit
769 2608 875 2686 pariter
889 2613 919 2665 et
934 2622 1013 2665 suae.
1040 2603 1099 2664 Ne·

95 2709 150 2770 que
163 2691 240 2752 enim
252 2691 341 2767 magis
357 2688 493 2751 deeorum
508 2701 539 2753 et
554 2692 667 2770 insigne
682 2701 728 2754 est
744 2699 863 2753 statuam
877 2691 906 2749 iu
920 2687 984 2749 loro
999 2687 1099 2769 populi

94 2773 213 2836 Romani
229 2774 336 2835 habere
351 2792 434 2853 quam
447 2792 568 2853 ponere.
601 2774 684 2837 Vale.

57 2865 88 2918 ³⁰
307 2949 313 2952 -
544 2909 649 2972 xvru.

245 3006 273 3062 C.
297 3007 422 3059 PLINIUS
440 3007 594 3060 SUETONIO
612 3006 819 3068 TRANQUILLO
839 3003 899 3056 SUO
918 3003 945 3054 S.

154 3110 264 3171 Seriliis
284 3119 317 3171 te
336 3111 518 3190 perterritum
538 3111 647 3172 somnio
668 3109 764 3170 vereri
784 3126 821 3169 ne
847 3106 913 3187 quid
933 3105 1046 3166 aduersi
1070 3104 1121 3166 inl

97 3195 207 3254 actione
223 3195 356 3274 patiaris,
375 3212 462 3272 rogas
484 3204 515 3256 ut
532 3194 695 3255 dilationem
709 3202 804 3273 petam
825 3201 854 3253 et
867 3188 1006 3271 pauculos
1022 3186 1096 3263 dies,

63 3281 177 3339 tteerte
217 3274 372 3357 roximum,
390 3297 538 3341 excusem.
570 3277 695 3347 Difficile
711 3285 773 3354 est,
795 3275 848 3338 sed
868 3274 1014 3352 experiar:
1042 3267 1098 3330 καὶ

100 3354 190 3440 ydor
216 3352 557 3443 &septemtrione
578 3361 681 3425 lleiert
693 3371 788 3422 tanen
802 3367 937 3420 eventura
951 3354 1047 3416 soleas
1062 3364 1120 3415 ant

102 3446 236 3508 ternaria
253 3449 403 3509 somniare.
437 3445 505 3507 llilri
521 3448 662 3526 reputanti
679 3446 815 3507 somnium
829 3459 931 3516 meum,
935 3439 1011 3500 istud
1022 3437 1099 3517 quod
1144 3441 1155 3474 u

102 3528 179 3592 times
194 3539 225 3591 tu
244 3533 390 3612 egregiam
410 3533 551 3592 actionem
566 3530 739 3613 portendere
753 3528 875 3589 videtur.
906 3524 1122 3607 Suseeperam3
