2632 4102
641 266 676 329 0.
697 265 796 331 l’ldlll

707 421 743 480 V.

422 520 449 570 0.
469 517 595 572 PLINIUS
614 420 756 571 ΒΕΡΤξΟΙΟ
774 518 882 571 GLARO
902 517 963 572 SUO
981 517 1008 570 S.

190 649 205 700 1
274 636 352 699 Heus
373 647 403 699 tu
424 638 565 716 promittis
584 637 620 697 ad
641 655 740 698 cenam
761 657 817 698 nec
842 634 940 698 venis!
964 633 1085 696 Dicetur
1103 637 1161 697 ius:
1184 636 1221 698 ad

188 731 307 785 tassem
318 719 481 800 inpendium
493 721 609 799 reddes,
625 739 680 781 nec
692 721 720 780 id
732 723 883 782 modicum.
905 719 1020 780 Paratae
1035 730 1114 781 eraut
1128 720 1219 781 lectu·

213 825 265 868 cae
279 805 426 883 singulae,
449 803 588 866 cochleae
604 814 719 880 ternae,
742 822 795 865 ova
810 806 892 882 bina,
912 802 984 863 alica
1000 821 1064 863 cum
1078 803 1171 865 mulso
1188 809 1243 866 et5

212 892 278 950 nive
290 890 369 969 (nam
379 888 451 948 hanc
465 906 579 967 quoque
592 889 782 967 computabis,
798 890 881 948 immo
894 888 966 947 banc
978 888 1129 967 inprimis,
1146 907 1221 967 quae

212 975 298 1052 periit
311 974 340 1032 in
352 970 492 1051 ferculo),
509 971 613 1050 olivae,
629 972 754 1051 betacei,
772 973 947 1049 cucurbitae,
967 971 1057 1049 bulbi,
1072 971 1127 1031 alia
1141 972 1221 1033 mille

212 1075 269 1117 non
286 1058 376 1116 minus
392 1054 477 1115 lauta.
498 1055 641 1118 Audisses
655 1056 811 1118 comoedos
825 1054 874 1116 vel
888 1055 1029 1115 lectorem
1039 1052 1087 1114 vel
1098 1055 1221 1132 lyristen

189 1141 279 1218 duel,
304 1158 376 1219 quae
396 1157 459 1200 mea
481 1139 653 1218 liberalitas,
676 1157 786 1202 omnes.
817 1139 863 1200 Ad
884 1148 914 1199 tu
930 1138 1005 1219 apud
1019 1141 1119 1200 nescio
1135 1159 1221 1219 quem

213 1234 324 1302 ostrea,
344 1224 464 1303 vulvas,
482 1224 618 1303 echinos,
643 1222 790 1285 Gaditanas
815 1223 948 1284 maluisti.
983 1221 1073 1284 Dabis
1096 1239 1262 1304 poenas,1(t

211 1326 268 1370 uon
283 1308 348 1369 dico
364 1327 445 1388 quas.
480 1307 559 1369 Dure
579 1309 692 1370 iecisti:
715 1308 859 1387 invidisti,
876 1308 978 1368 nescio
998 1325 1033 1367 an
1051 1308 1119 1386 tibi,
1138 1318 1220 1369 certe
1302 1309 1303 1314 ’

211 1393 291 1470 milri,
308 1393 362 1454 sed
376 1402 470 1452 tamen
485 1403 514 1454 et
531 1393 592 1453 tibi.
614 1391 755 1467 Quantum
769 1412 822 1454 nos
838 1393 1025 1469 lusissemus,
1042 1393 1219 1470 risissemus,

189 1475 436 1538 tstuduissemusl
459 1476 546 1537 Potes
561 1478 723 1556 apparatius
745 1496 849 1539 cenare
864 1475 938 1556 apud
949 1475 1066 1554 multos,
1082 1494 1220 1557 nusquam

212 1560 328 1622 hilarius
350 1559 512 1640 simplicius
533 1560 684 1622 incautius.
713 1559 746 1621 ln
764 1579 881 1638 summa,
897 1561 1044 1639 experire,
1061 1571 1089 1622 et
1100 1563 1155 1622 uisi
1167 1578 1220 1640 po·

213 1655 274 1706 stea
295 1653 324 1705 te
344 1643 407 1704 aliis
429 1646 526 1722 potius
542 1643 748 1722 excusaveris,
770 1645 838 1704 mihi
853 1662 969 1724 semper
984 1662 1100 1706 excusa.
1136 1644 1219 1705 Vale.
1228 1652 1260 1705 15

497 1894 525 1944 G.
545 1797 807 1948 rummsffwm
827 1895 886 1948 SUO
905 1894 932 1950 S.

196 2026 207 2076 1
278 2011 415 2073 Amabam
421 2011 588 2093 Pompeium
595 2015 784 2094 Saturninum,
799 2015 874 2076 bunc
891 2015 956 2076 dico
970 2023 1109 2092 nostrum,
1124 2012 1219 2075 lauda-

214 2098 335 2175 bamque
351 2097 413 2157 eius
432 2098 592 2177 ingenium,
614 2102 699 2160 etiam
717 2109 869 2178 antequam
881 2102 987 2160 scirem
1003 2117 1085 2180 quam
1098 2099 1217 2176 varium,
1227 2109 1261 2162 20
1304 2137 1305 2178 t

213 2197 297 2259 quam
314 2179 459 2258 tlcxibile,
486 2199 568 2261 qum
590 2182 742 2264 multiplex
763 2193 858 2245 esset:
882 2201 957 2245 nunc
980 2201 1052 2245 vero
1067 2191 1157 2244 totum
1172 2201 1219 2242 me
1304 2189 1305 2196 ’

191 2273 306 2341 atenet,
322 2262 419 2342 babet,
436 2266 577 2344 possidet.
595 2267 681 2329 Audii
694 2285 794 2330 causas
809 2277 942 2345 agentem
958 2269 1065 2328 acriter
1077 2274 1107 2328 et
1117 2265 1219 2326 arden-

213 2357 257 2409 ter
272 2365 328 2408 nee
345 2348 436 2409 minus
452 2349 542 2428 polite
560 2359 590 2412 et
603 2361 721 2430 ornate,
744 2353 806 2413 sive
820 2351 952 2413 meditata
966 2353 1029 2413 sive
1044 2351 1137 2412 subita
1151 2367 1218 2430 pro·

212 2433 312 2493 ferret.
330 2430 443 2494 Adsunt
459 2444 560 2496 aeume
576 2436 754 2515 crebraeque
770 2438 940 2513 sententiae,
954 2436 1052 2514 gravis
1066 2444 1097 2495 et
1112 2433 1218 2495 decora

213 2518 405 2595 constructio,
428 2520 555 2579 sonantia
569 2520 658 2581 verba
672 2530 702 2583 et
716 2521 840 2600 antiqua.
869 2519 968 2582 Omnia
982 2519 1055 2580 baec
1070 2519 1142 2579 mire
1156 2516 1218 2597 pla·
1227 2531 1259 2584 2⁵

213 2610 290 2678 cent,
307 2618 371 2660 cum
386 2602 494 2681 impetu
509 2603 630 2681 quodam
644 2615 674 2666 et
692 2605 805 2664 flumine
820 2603 1032 2683 pervehuntur,
1048 2601 1175 2681 placent,
1192 2605 1219 2663 si

187 2693 409 2750 aretmctentur.
442 2685 558 2747 Senties
574 2687 650 2767 quod
667 2706 742 2766 ego,
759 2706 823 2749 cum
838 2689 981 2749 orationes
997 2690 1059 2750 eius
1076 2688 1105 2746 in
1119 2703 1218 2747 manus

212 2769 385 2846 sumpseris,
401 2787 470 2847 quas
484 2769 571 2830 facile
586 2770 705 2832 cuilibet
717 2779 862 2850 veterum,
883 2787 1003 2852 quorum
1017 2781 1063 2833 est
1076 2769 1217 2848 aemulus,

188 2851 404 2930 doomparabis.
435 2851 515 2913 ldem
529 2862 622 2914 tamen
638 2855 666 2915 in
680 2856 799 2918 historia
811 2857 902 2934 magis
917 2855 1075 2918 satisfaciet
1089 2854 1138 2916 vel
1152 2855 1218 2916 bre-

210 2937 299 2996 vitate
315 2934 362 2995 vel
377 2933 444 2996 luce
460 2935 508 2996 vel
524 2940 662 3000 smvitate
675 2939 724 3000 vel
738 2938 893 3019 splendore
905 2941 990 3002 ctiam
1002 2949 1032 3001 et
1043 2938 1260 3007 sublimitetcao

211 3018 350 3080 narrandi.
381 3017 452 3080 Nem
474 3022 502 3080 in
524 3024 704 3085 contionibus
721 3024 820 3085 eadem
835 3042 908 3103 quae
930 3023 1152 3084 lucrationibus
1172 3023 1218 3084 vis

187 3112 270 3181 best,
287 3105 417 3182 pressior
430 3112 523 3166 tamen
537 3115 567 3166 et
581 3108 826 3187 circumscriptior
839 3117 869 3169 et
884 3107 1044 3168 adductior.
1065 3107 1219 3168 Praeterea

212 3188 282 3248 lacit
301 3205 422 3266 versus,
441 3189 543 3266 quales
565 3189 694 3253 Catullus
708 3201 756 3252 aut
772 3190 1047 3269 CalvuspQuantum
1061 3190 1120 3253 illis
1135 3190 1216 3271 lepo·

211 3273 269 3348 ris,
291 3270 469 3350 dulcedinis,
489 3276 699 3351 amaritudinis,
720 3275 838 3337 amoris!
860 3277 961 3338 inserit
975 3293 1061 3354 sane,
1085 3274 1217 3341 sedldata

104 3365 114 3393 ⁴
211 3355 460 3434 opera,lmollibus
472 3355 645 3438 levibusque
661 3359 841 3422 duriusculos
859 3360 1007 3439 quosdam,
1023 3369 1053 3421 ct
1065 3360 1123 3420 boc
1135 3360 1259 3439 questos

186 3437 339 3503 tiGatullus
356 3449 405 3501 aut
419 3438 535 3504 Calvus.
569 3441 654 3519 Legit
668 3443 736 3503 mibi
751 3461 843 3524 nuper
857 3443 1011 3524 epistulam
1032 3445 1131 3505 uxoris
1147 3463 1216 3505 esse

211 3522 338 3584 dicebat:
364 3523 490 3586 Plautum
511 3525 559 3586 vel
576 3525 742 3589 Terentium
761 3538 852 3590 metro
874 3527 997 3590 solutum
1014 3528 1074 3607 legi
1096 3527 1215 3590 credidi.
