2614 4104
195 299 258 368 298
424 296 928 366 c.PL1N1PANEGYmcUsos.

194 458 274 520 teriri
288 456 323 518 ab
338 457 447 536 optimo
460 472 518 517 non
534 453 636 533 potuit.
666 451 709 511 Tu
723 451 801 513 clara
814 453 913 514 iudicii
929 455 971 515 tui
991 456 1075 533 signe
1085 457 1203 536 misisti,

196 560 260 603 cum
275 540 469 619 proficiscenti
485 539 520 598 ad
535 538 693 598 exercitum
706 545 756 596 tuo
772 540 903 616 nomine,
919 548 969 599 tuo
982 539 1093 601 bonore
1111 541 1204 604 cessi·

195 626 243 688 sti.
264 623 307 683 'l'n
323 641 398 684 roca
412 623 591 701 imperatoris
606 618 673 700 quid
687 619 811 679 sentires
826 621 959 700 locutus,
975 623 1060 684 lilium
1074 623 1134 703 illi,
1150 642 1204 684 no·

193 709 238 772 bis
255 717 418 790 parentem,
441 707 492 767 tibi
509 705 673 784 pontificem
688 707 839 764 maximum
859 704 986 784 elegisti.
1015 706 1079 781 Quo
1094 710 1204 770 maiore

193 792 296 854 liducia
315 789 407 852 isdem
428 789 485 850 illis
502 790 578 850 votis
594 805 667 867 qnae
683 788 748 865 ipse
765 803 817 864 pro
835 807 869 849 ss
886 793 1041 870 nuncupari
1056 792 1135 853 iubet
1150 803 1233 854 orob

193 886 223 937 et
238 876 384 951 obtestor,
399 874 515 934 sibene
532 890 593 932 rem
609 870 771 950 publicam,
791 873 816 932 si
831 891 870 934 ex
883 873 1002 936 utilitate
1020 877 1142 935 omnium
1155 895 1204 937 re·

192 961 251 1038 git,
268 961 387 1038 primum
399 964 430 1016 ιιι
446 956 526 1016 illum
537 956 690 1035 nepotibus
701 953 808 1016 nostris
819 973 854 1016 ac
864 959 1073 1039 pronepotibus
1085 977 1202 1038 serves,

195 1042 299 1103 deinde
315 1051 347 1102 ut
364 1039 534 1120 quandoque
550 1056 752 1100 successorem
770 1041 797 1098 ci
820 1039 928 1103 tribuas
948 1061 1034 1122 quem
1055 1047 1203 1122 genuerit,

195 1126 469 1206 quemlormarerit,
488 1123 668 1202 similemque
679 1122 781 1183 lecerit
791 1122 942 1203 adoptato,
961 1137 1008 1188 aut
1026 1129 1051 1186 si
1067 1126 1124 1187 lroc
1140 1128 1202 1190 lato

194 1219 331 1288 negatur,
348 1212 376 1269 in
395 1208 515 1269 consilio
532 1210 573 1270 sis
589 1206 725 1284 eligenti,
742 1216 886 1269 monstres
902 1208 1025 1288 aliquem
1036 1229 1121 1290 quem
1132 1211 1202 1271 ado·
1213 1223 1252 1277 lo

194 1297 267 1373 ptari
279 1296 307 1354 in
318 1291 461 1373 Capitolio
478 1292 590 1376 deceat.

140 1386 181 1451 95
255 1377 364 1453 Vobis,
384 1386 480 1456 putres
499 1375 671 1453 conscripti,
691 1383 826 1452 quantum
842 1374 964 1437 debeam
980 1376 1104 1456 publicis
1116 1380 1202 1438 etiam

192 1462 379 1522 monumentis
391 1461 561 1520 continetur.
571 1458 632 1520 Vos
642 1455 710 1517 mibi
720 1459 749 1517 in
756 1459 896 1520 tribunatu
907 1462 1022 1539 quietis,
1032 1464 1061 1522 in
1067 1470 1202 1540 praetura

190 1543 367 1621 modestiae,
381 1561 435 1605 vos
446 1545 475 1604 in
491 1544 554 1604 istis
566 1541 669 1602 ciliciis
682 1542 767 1602 etiam
777 1559 850 1621 quae
863 1563 880 1604 e
892 1543 992 1605 studiis
1005 1547 1111 1607 nostris
1123 1546 1202 1608 circa

190 1626 314 1690 tuendos
339 1630 437 1690 socios
458 1627 641 1688 iniunxeratis
662 1627 757 1686 cuncti
779 1629 953 1689 constantiae
976 1630 1201 1708 antiquissimum
1213 1643 1251 1695 15

192 1713 383 1774 testimoninm
399 1710 596 1791 perhibuistis,
615 1708 676 1768 Vos
693 1709 823 1788 proxime
835 1710 1053 1773 destinationem
1069 1713 1201 1774 consula·

190 1805 237 1858 tus
256 1797 312 1858 mei
326 1795 370 1856 his
388 1795 638 1857 adclamationibus
656 1790 863 1871 adprobavistis
880 1805 912 1855 ut
934 1795 1099 1876 intellegam
1116 1799 1202 1858 etiam

191 1888 277 1960 atqua
295 1883 378 1942 etiam
396 1879 558 1941 enitendum
574 1877 641 1937 mihi
658 1885 689 1936 ιιι
706 1875 780 1936 bunc
799 1895 970 1940 consensum
986 1891 1115 1942 vestrum
1133 1898 1202 1941 con·

191 1963 344 2043 plecteret
360 1973 471 2026 teneam
485 1973 514 2023 et
531 1963 559 2020 in
578 1959 640 2021 dies
658 1976 786 2037 augeam.
809 1959 923 2024 Etenim
933 1964 1045 2024 memini
1064 1974 1131 2026 tunc
1148 1983 1201 2025 ve·

190 2047 303 2108 rissime
320 2045 437 2107 iudicari
453 2045 588 2105 meruerit
610 2045 673 2124 quis
690 2043 829 2104 bonorem
846 2064 901 2106 nec
918 2067 971 2125 ne,
995 2065 1060 2108 cum
1076 2049 1199 2126 adeptus
1210 2060 1253 2115 πο

191 2140 248 2191 est.
267 2128 328 2191 Vos
343 2128 427 2189 modo
445 2130 540 2191 latete
551 2127 618 2188 hnic
629 2129 780 2206 proposito
793 2138 822 2188 et
840 2130 966 2209 credite,
985 2134 1010 2192 si
1028 2149 1115 2193 cursu
1128 2150 1199 2211 quo·

191 2212 254 2274 dam
265 2223 422 2293 provectus
434 2215 469 2275 ab
481 2212 532 2274 illo
551 2210 768 2272 insidiosissime
780 2213 911 2292 principe
928 2223 992 2276 ante
1011 2233 1094 2295 quam
1112 2217 1200 2295 proli·

191 2307 300 2359 teretur
316 2297 411 2358 odium
428 2297 583 2372 bonorum,
603 2305 753 2374 postquam
772 2296 921 2373 prolessns
939 2308 1000 2375 est,
1020 2301 1152 2376 substiti,
1173 2309 1201 2360 et

192 2399 257 2440 cum
266 2382 394 2443 riderem
405 2400 478 2462 quae
489 2381 524 2442 ad
534 2380 660 2441 honores
673 2378 832 2457 conpendia
849 2389 995 2461 paterent,
1015 2382 1131 2462 longius
1145 2385 1203 2445 iter

191 2465 287 2534 malui;
305 2466 331 2525 si
341 2464 421 2526 malis
434 2463 611 2544 temporibus
622 2463 697 2522 inter
706 2471 831 2525 maestos
842 2475 872 2526 et
888 2475 1043 2545 paventes,
1063 2468 1147 2528 bonis
1159 2470 1201 2529 in·
1211 2477 1252 2533 25

191 2557 235 2608 ter
246 2565 365 2610 securos
378 2547 594 2626 gaudentesque
606 2563 753 2612 numerem
772 2548 798 2605 si
814 2547 938 2627 denique
950 2552 1096 2612 intantum
1108 2550 1200 2630 diligo

191 2633 533 2712 optimumprinoipemin
545 2640 680 2710 quantum
692 2630 801 2690 invisus
818 2635 945 2710 pessimo
956 2632 1007 2694 lui.
1031 2633 1096 2712 Ego
1114 2653 1200 2696 reve·
1300 2691 1301 2700 ,

189 2717 300 2778 rentiue
315 2726 430 2779 restrae
447 2719 490 2778 sic
502 2731 619 2793 semper
633 2714 798 2790 inserviam,
817 2733 873 2776 non
883 2725 920 2777 -ιιι
937 2735 983 2778 me
1001 2717 1153 2780 consulem
1170 2728 1202 2781 et
1300 2719 1301 2724 ’

189 2815 255 2858 mox
268 2799 464 2877 consularem,
477 2799 530 2860 sed
541 2806 571 2858 ut
582 2796 758 2859 candidatum
770 2799 934 2862 consulatus
945 2809 1051 2882 putem.
