2614 4104
341 319 605 383 PANEGYRIGUS
626 330 669 386 at.
684 331 839 387 att-soso.
1027 321 1091 386 255

87 475 137 537 tibi
154 474 286 535 conscius
300 475 337 535 ab
351 475 539 536 insectatione
554 475 616 536 eius
631 484 777 535 averteres
792 474 908 551 lamam,
924 492 979 535 nec
995 485 1025 536 ιιι
1040 477 1091 536 tri·

86 569 147 620 stes
162 557 302 617 bominum
319 567 501 638 maestosque
515 575 662 619 sennones
676 559 796 619 laetiore
807 559 922 618 materia
934 557 1088 620 detineres.

85 641 198 702 Nullam
213 641 359 719 corigiario
375 641 505 720 culpam,
520 641 624 702 nullam
638 640 778 702 alimentis
795 641 990 702 crudelitatem
1005 641 1090 703 rede·

85 727 178 801 misti,
197 742 252 785 nec
266 726 317 785 tibi
339 726 414 786 bene
434 726 556 786 faciendi
577 725 630 785 luit
652 743 737 786 causa
753 734 783 784 ut
800 743 872 804 quaa
887 724 960 785 male
976 725 1091 786 ieceras

56 811 191 888 5inpune
204 807 338 870 fecisses.
369 809 459 870 Amor
473 808 607 887 inpendio
622 811 695 886 isto,
718 827 773 869 non
788 811 872 869 venia
887 811 1014 888 quaesita
1030 818 1088 886 cst,

83 892 267 973 populusque
289 892 431 954 Romanus
448 892 591 971 obligatus
608 911 623 953 a
639 892 769 954 tribunali
789 903 856 970 tuo,
881 911 937 953 non
953 903 1090 954 exoratus

83 977 218 1038 recessit.
241 975 375 1037 Obtulisti
392 979 466 1036 enim
483 978 656 1054 congiarium
671 976 860 1055 gaudentibus
875 977 1020 1055 gaudem,
1042 996 1089 1038 se·

84 1079 229 1139 nurusque
244 1062 370 1128 securis:
394 1061 527 1140 quodque
543 1071 625 1122 antea
640 1063 786 1140 principes
800 1061 836 1122 ad
852 1060 946 1120 odium
961 1063 1004 1122 sui
1019 1060 1090 1122 leni·

84 1144 189 1205 endum
209 1145 381 1206 tumentibus
400 1143 496 1224 plebis
512 1147 612 1205 animis
634 1145 831 1222 obiectabant,
858 1143 886 1203 id
901 1155 930 1205 ιιι
943 1155 998 1206 tam
1011 1147 1089 1205 inno·

42 1235 75 1287 lo
85 1245 157 1289 cens
168 1227 277 1307 populo
288 1228 391 1288 dedisti
403 1247 485 1306 quarn
496 1228 620 1307 populus
630 1231 753 1306 accepit.
775 1227 862 1288 Paulo
874 1231 976 1304 minus,
993 1238 1090 1305 patres

84 1313 258 1389 conscripti,
275 1314 398 1391 quinque
410 1312 485 1372 milia
496 1314 683 1390 ingenuorum
698 1311 828 1389 inerunt,
846 1329 919 1390 quae
934 1311 1089 1372 liberalitas

83 1397 223 1477 principis
243 1397 333 1457 nostri
350 1397 537 1475 conquisivit,
563 1396 686 1473 invenit,
712 1395 842 1457 adscivit.
879 1395 913 1454 lli
934 1395 1089 1457 subsidium

84 1480 243 1558 bellorum,
270 1491 461 1541 umamentnrn
476 1483 556 1560 pacis
572 1479 694 1560 publicis
710 1480 869 1558 sumptibus
886 1479 1013 1558 aluntur,
1039 1496 1089 1558 pa·

84 1566 225 1642 triamque
239 1580 296 1623 non
312 1574 341 1625 ut
355 1567 471 1644 patriam
492 1574 597 1625 tantum
610 1583 708 1624 verum
723 1575 754 1624 ut
770 1564 898 1626 altricem
912 1582 1005 1624 amare
1022 1581 1090 1624 con·

43 1657 73 1710 15
83 1649 209 1709 discunt.
227 1647 273 1708 Ex
287 1648 330 1708 bis
345 1659 454 1727 castra,
472 1667 508 1709 ex
522 1649 566 1710 bis
578 1649 669 1710 tribus
684 1647 886 1727 replebuntur,
903 1667 939 1708 ιιι
951 1649 994 1708 bis
1003 1666 1089 1726 quan·

83 1733 180 1811 doque
193 1742 345 1793 nascentur
356 1734 457 1811 quibus
469 1732 606 1793 alimentis
620 1749 693 1811 opus
705 1751 760 1792 non
775 1735 821 1793 sit.
845 1732 922 1792 Dent
936 1731 1001 1807 tibi,
1018 1730 1090 1791 Gae-

84 1835 148 1894 sar,
169 1824 289 1876 ιιιιιιιιι
303 1816 340 1876 (ιιι
356 1835 437 1896 quam
453 1817 588 1894 meroris,
616 1827 788 1895 serventque
803 1818 922 1876 animum
937 1833 1021 1893 quem
1041 1813 1090 1874 de·

84 1900 203 1960 derunt:
222 1909 251 1960 et
266 1903 521 1978 quantomaiorsm
536 1901 678 1962 inlantium
695 1902 805 1961 turbam
821 1903 922 1960 iterum
938 1908 1024 1978 atque
1039 1899 1090 1957 ite·

84 2001 147 2044 rum
162 1982 272 2044 videbis
287 1984 387 2045 incidi!
414 1984 545 2062 Augetur
559 1987 633 2046 enirn
650 1985 754 2045 cotidie
770 1994 799 2045 et
816 1985 939 2059 crescit,
954 2001 1010 2042 non
1027 1984 1090 2061 quia

42 2083 75 2135 ao
86 2071 214 2129 cariores
229 2069 393 2146 parentibus
408 2068 508 2147 liberi,
525 2068 576 2131 sed
592 2071 656 2148 quia
672 2070 794 2147 principi
810 2071 898 2130 cives.
919 2067 1007 2128 Dabis
1024 2083 1092 2126 con·

83 2153 191 2230 ςιιιιι,
208 2153 232 2211 ιι
247 2151 345 2220 voles;
362 2153 521 2230 praestabis
539 2152 686 2230 alimenta,
703 2155 728 2213 si
743 2152 841 2213 voles:
862 2151 903 2212 illi
918 2162 1010 2211 tamen
1026 2168 1091 2230 pro·

84 2247 152 2315 pter
165 2244 194 2295 te
208 2245 370 2296 nascuntur.

148 2318 239 2380 lnstm
260 2338 317 2398 ego
346 2322 477 2399 perpetui
503 2321 638 2398 congiarii
660 2337 727 2380 reor
751 2319 929 2380 adlluentiam
951 2316 1141 2380 annonae‘lil

83 2404 175 2464 lluius
191 2402 340 2482 aliquando
356 2422 423 2465 cura
437 2403 575 2483 Pompeio
590 2406 754 2484 nonminus
768 2402 874 2464 addidit
887 2401 996 2480 glorias
1008 2419 1091 2479 quam

43 2487 187 2567 espuisus
205 2489 324 2549 ambitus
341 2505 458 2567 campo,
477 2497 595 2549 exactus
610 2488 701 2548 bostis
715 2489 804 2565 mari,
826 2486 929 2547 Oriens
943 2483 1091 2563 triumphis

84 2571 289 2651 Occidensque
304 2572 448 2633 lustratus.
469 2571 532 2632 Neo
546 2588 618 2632 vero
631 2571 681 2632 ille
697 2571 809 2632 civilius
824 2588 906 2650 quam
922 2587 1025 2649 parens
1040 2585 1090 2628 no·

83 2667 148 2719 ster
167 2659 335 2717 auctoritate
357 2656 478 2716 consiliu
499 2655 554 2717 lide
575 2657 695 2717 reclusit
708 2658 787 2732 vias,
813 2664 912 2734 portus
928 2653 1090 2733 patefecit,

84 2744 188 2801 itinera
201 2742 303 2817 terris,
319 2740 449 2801 litoribus
464 2758 556 2816 mare,
573 2739 655 2800 litora
668 2742 737 2799 mari
752 2739 891 2815 reddidit,
907 2737 1092 2816 diversasque

84 2833 191 2904 gentes
206 2825 244 2884 ιιι
261 2827 432 2885 commercio
446 2826 559 2885 miscuit
575 2835 620 2902 ut,
642 2824 717 2902 quod
732 2824 856 2902 genitum
870 2831 950 2884 esset
963 2839 1092 2901 usquam,

43 2909 113 2981 aoid
127 2907 203 2986 apud
218 2926 317 2970 omnes
330 2918 423 2969 natum
438 2928 505 2970 essa
520 2907 672 2968 videretur.
701 2907 802 2968 Nonne
823 2926 943 2968 cernere
964 2906 1045 2967 datar
1064 2915 1094 2965 ut

85 2995 150 3054 sine
162 2991 247 3053 ullius
259 2995 357 3054 iniuria
369 2995 458 3053 omnis
470 2993 568 3052 usibus
580 2994 685 3054 nostris
701 3010 789 3054 annus
802 2988 962 3053 exuberet?
979 2990 1093 3068 Quippe

85 3096 143 3138 non
159 3087 189 3138 ut
203 3095 241 3137 ex
252 3078 363 3138 boetico
375 3087 473 3156 raptae
487 3079 686 3155 perituraeque
700 3079 727 3136 in
744 3078 853 3137 borreis
867 3094 979 3136 messes
995 3075 1093 3151 nequi·

87 3180 172 3241 quarn
186 3162 381 3240 quiritantibus
396 3163 483 3222 sociis
499 3162 670 3221 auferuntur.
692 3160 844 3220 Devebunt
859 3161 912 3238 ipsi
927 3157 1002 3237 quod
1018 3167 1094 3216 terra

87 3248 197 3324 genuit,
213 3245 287 3325 quod
303 3246 381 3306 sidus
395 3245 475 3321 aluit,
491 3245 566 3324 quod
580 3263 669 3306 annus
681 3244 755 3320 tulit,
772 3261 827 3303 nec
841 3244 923 3302 novis
937 3239 1095 3300 indictioni·

45 3332 141 3394 asbus
155 3333 249 3408 pressi
263 3329 297 3390 ad
311 3340 410 3390 vetera
424 3330 527 3389 tributa
542 3329 685 3390 deliciunt.
713 3327 787 3388 Emit
804 3327 890 3386 bscus
905 3324 1038 3403 quidquid
1052 3326 1093 3383 vi·

88 3415 172 3474 detur
188 3432 294 3475 emere.
327 3413 396 3475 Inde
413 3416 531 3491 copiae,
558 3414 623 3473 inde
636 3429 761 3488 annona,
787 3410 823 3470 da
839 3428 893 3490 qua
913 3410 988 3468 inter
1005 3407 1092 3468 licen-

88 3508 146 3558 tem
160 3499 389 3577 vendentemque
405 3499 571 3574 conveniat,
588 3498 652 3557 inde
666 3497 713 3557 bio
725 3497 858 3570 satietas,
878 3512 932 3554 nec
944 3493 1034 3552 lamas
1046 3511 1093 3552 us·

89 3601 183 3662 quam.
199 3583 352 3662 Aegyptus
364 3582 472 3643 alendis
483 3582 678 3660 augendisque
690 3580 843 3641 seminibus
857 3579 895 3639 ita
910 3577 1030 3656 gloriata
1045 3584 1090 3636 est
1103 3574 1144 3636 30
