2616 4096
225 309 288 374 alo
527 307 560 370 G.
580 308 678 370 PLlNl
698 308 747 369 ET
768 307 926 370 ruamur

227 481 262 523 ea
278 480 351 542 quae
371 462 406 524 ad
424 461 603 522 coercendos
623 462 706 537 ignes
727 460 832 521 anxilio
854 479 923 522 esse
944 464 1055 542 possint
1074 460 1226 523 admoneri·

228 565 284 626 que
305 545 435 608 dominos
451 544 629 624 praediomm
642 553 673 605 ut
690 552 719 604 et
732 546 788 623 ipsi
806 545 969 625 inhibeant,
984 563 1019 606 ac
1034 547 1059 604 si
1073 563 1122 606 res
1140 561 1226 625 popo

228 632 327 708 scerit,
343 629 465 691 adcursu
479 628 579 710 populi
594 628 629 688 ad
642 628 699 688 boc
713 631 763 688 uti.

582 761 700 824 xxxv.
725 761 863 842 [xmus]
1230 801 1243 852 ,

448 861 477 915 G.
495 861 622 913 PLINIUS
641 862 786 913 TRAIANO
805 861 1015 914 impuberem.

290 966 447 1027 sollemnia
466 975 534 1026 vota
561 984 615 1046 pro
641 965 833 1027 incolumitate
855 977 919 1045 tua,
947 985 1001 1047 qua
1021 965 1139 1045 publica
1158 965 1227 1027 salus

228 1053 404 1128 continetur,
423 1059 452 1110 et
468 1051 665 1130 suscepimus,
682 1050 812 1127 domine,
827 1052 935 1129 pariter
949 1059 978 1110 et
993 1050 1152 1130 solvimus,
1168 1069 1226 1132 pre-

229 1137 283 1196 cati
300 1134 371 1196 deos
386 1142 417 1194 ut
431 1132 520 1195 velint
538 1151 571 1194 ea
584 1151 699 1213 semper
716 1132 790 1194 solvi
806 1152 979 1215 semperque
995 1137 1110 1213 signari.

600 1267 729 1330 xxxvi.
752 1267 858 1348 [xxx]

559 1365 725 1419 TRAIANUS
742 1366 849 1417 PLlNlO
870 1366 898 1417 S.

290 1467 329 1529 Et
350 1468 474 1530 solvisse
491 1486 624 1529 roseum
644 1467 865 1547 provincialibus
884 1466 939 1527 diis
959 1452 1226 1528 inmortalibns‘vota

229 1569 281 1632 pro
297 1569 361 1613 mea
376 1551 467 1613 salute
483 1561 513 1614 et
526 1552 719 1613 incolumitate
735 1561 764 1612 et
781 1568 962 1629 nuncupasse
977 1551 1113 1630 libenter,
1129 1551 1166 1610 mi
1181 1548 1225 1609 Se-

229 1635 321 1697 cunde
333 1637 490 1715 carissime,
506 1637 632 1716 cognovi
647 1655 685 1696 ex
699 1635 803 1697 litteris
820 1635 885 1696 tuis.
1235 1635 1255 1690 tt

584 1768 727 1832 xxxvu.
750 1767 873 1848 {xum}

453 1868 481 1922 o.
501 1868 625 1921 annulus
642 1869 786 1920 rumnuo
804 1867 1012 1920 mrunnronr.

205 1990 220 2042 l
293 1973 325 2032 ln
339 1974 568 2054 aquaeductum,
585 1975 709 2054 domine,
725 1975 952 2037 Nicomedenses
971 1974 1163 2054 inpenderunt
1175 1972 1224 2033 llS.

231 2055 334 2137 [XXX]
352 2056 538 2137 cccxxlx,
556 2061 603 2140 qui
617 2061 795 2138 inperfectus
809 2060 900 2121 adbuc
915 2059 1033 2120 relictus
1046 2068 1135 2136 atque
1150 2060 1256 2118 etiantt

229 2141 391 2202 destructus
406 2151 468 2204 est:
482 2159 581 2204 rursus
597 2145 625 2204 in
638 2143 722 2204 alium
737 2144 851 2205 ductum
869 2152 986 2222 erogata
1001 2153 1066 2203 sunt
1077 2141 1139 2203 CC.
1171 2141 1226 2201 lloc
1283 2193 1284 2218 ,

229 2242 344 2304 quoque
355 2224 460 2288 relicto
475 2243 551 2286 noro
566 2228 700 2308 inpendio
716 2237 762 2288 est
778 2245 868 2307 opus,
889 2238 919 2289 ut
934 2244 1034 2305 equam
1048 2227 1173 2287 habeant
1185 2225 1225 2304 qui

201 2319 331 2375 ttuntam
351 2313 499 2390 pecuniam
519 2311 593 2372 male
614 2311 806 2392 perdiderunt.
840 2311 907 2390 lpse
928 2313 1048 2391 perveni
1066 2309 1102 2370 ad
1125 2310 1226 2370 lontetn

228 2395 427 2474 purissimum,
445 2414 483 2456 ex
495 2413 553 2474 quo
568 2396 682 2457 videtur
696 2414 769 2476 aqua
784 2396 891 2457 debere
906 2396 1042 2475 perduci,
1064 2397 1140 2456 sicut
1154 2395 1225 2454 initio

227 2487 392 2558 temptatum
404 2489 480 2556 erat,
497 2490 612 2541 arcuato
627 2497 733 2559 opere,
746 2499 783 2542 ne
798 2489 903 2541 tantum
916 2478 952 2539 sd
965 2479 1049 2559 plana
1065 2481 1187 2539 civitatis
1201 2484 1256 2536 etti

227 2561 340 2623 bumilia
353 2564 512 2641 perveniat.
540 2562 654 2625 Manent
670 2562 763 2624 adbuc
776 2564 940 2644 paucissimi
953 2581 1053 2624 arcus:
1069 2571 1190 2642 possunt
1201 2569 1227 2620 et

227 2647 300 2724 erigi
322 2646 433 2726 quidam
453 2647 548 2728 lapide
569 2647 723 2727 quadrato,
745 2650 792 2727 qui
814 2667 851 2710 ex
865 2651 1015 2727 superiore
1032 2664 1123 2725 opere
1139 2647 1226 2706 detra·

228 2739 291 2790 ctus
308 2740 370 2791 est:
387 2731 483 2809 aliqua
498 2751 580 2811 pars,
596 2741 626 2792 ut
641 2731 708 2791 mihi
722 2731 852 2809 videtur,
868 2740 999 2793 testaceo
1014 2749 1103 2811 opere
1121 2728 1225 2809 agenda

193 2814 294 2880 terim
317 2812 346 2872 id
366 2817 441 2873 enim
456 2823 485 2873 et
502 2814 616 2876 iaoilius
634 2825 663 2876 et
677 2815 771 2878 villus.
804 2815 862 2876 Sed
880 2818 908 2876 in
925 2818 1023 2896 primis
1036 2816 1225 2876 necessarium

227 2903 273 2955 est
289 2896 359 2955 mitti
373 2912 390 2955 a
406 2905 436 2957 te
449 2896 497 2956 rel
519 2899 682 2978 aquilegem
696 2899 744 2960 vel
763 2901 963 2976 architectum,
986 2918 1023 2959 ne
1040 2916 1138 2958 rursus
1162 2904 1256 2958 eve-tt

226 2979 288 3040 niat
299 2977 375 3058 quod
389 2979 501 3041 accidit
531 2981 596 3060 Ego
613 2984 682 3043 illud
698 3002 781 3043 unum
802 2983 934 3060 adfirmo,
955 2993 985 3043 et
999 2982 1145 3066 utilituem
1160 2997 1225 3059 ope·
1281 3015 1282 3052 ,

225 3066 264 3124 ris
280 3073 310 3124 et
326 3063 566 3143 pulchritudinem
582 3066 700 3128 saeculo
716 3077 765 3127 tuo
779 3085 845 3128 esse
861 3066 1062 3144 dignissimum.

570 3198 882 3281 xxxmrr.1xuvu.1

552 3299 717 3352 dannanus
741 3303 847 3352 sunnio
876 3300 902 3351 a.
1228 3318 1255 3371 3,

191 3411 208 3466 1
278 3397 439 3460 Curandum
459 3409 505 3461 est
525 3410 555 3460 ut
570 3419 642 3480 aqua
662 3403 690 3460 in
711 3400 951 3463 Nicomedensem
967 3403 1109 3462 civitatem
1123 3397 1221 3480 pendn-

225 3491 313 3541 catur.
345 3481 424 3542 Vere
445 3482 532 3542 credo
555 3494 584 3544 te
600 3501 634 3544 ea
651 3502 707 3562 qua
724 3483 843 3547 debebis
859 3485 1003 3563 diligentie
1019 3486 1075 3546 boc
1091 3501 1162 3563 opus
1177 3480 1221 3542 ed·

1235 1225 1257 1277 lt

224 3580 398 3641 pressurum.
419 3564 477 3623 Sed
492 3565 603 3626 medius
618 3566 700 3627 bdius
712 3567 746 3627 ad
758 3569 877 3630 eandem
892 3569 1064 3648 diligentium
1074 3578 1145 3630 mam
1160 3583 1221 3646 per
