2632 4102
358 307 622 369 EPISTULARUM
635 307 687 368 111.
704 319 732 371 2.
746 318 771 371 3.
1026 307 1067 370 '45

84 459 151 538 plum
164 469 206 520 est
224 459 297 522 idem
318 460 472 539 Spurinna:
495 479 558 522 nam
578 460 629 521 ille
649 479 784 540 quoque,
805 461 899 541 quoad
918 461 1068 523 honestum

83 543 142 622 luit,
156 545 220 604 obiit
234 544 345 621 oldaia,
361 545 453 621 gessit
467 547 665 624 magistratus,
680 546 842 624 provincias
857 547 947 622 rexit,
967 545 1067 606 multo·

84 645 131 704 que
143 626 237 688 labore
249 627 305 688 hoc
320 629 407 688 otium
417 631 528 689 meruit.
550 628 640 706 Igitur
651 628 772 689 eundem
783 627 984 706 milri'cursum,
1000 646 1067 688 eun·
1078 634 1109 685 li

83 709 138 770 dem
151 714 293 772 terminum
310 721 414 788 statuo,
429 712 516 791 idque
530 714 584 772 iam
598 731 672 772 nunc
688 712 764 791 apud
778 722 807 773 te
822 713 971 790 subsigno,
987 721 1029 789 ut,
1044 715 1068 773 si

61 804 119 854 true
133 793 241 874 longius
255 793 341 856 evelri
351 795 468 873 videris,
481 798 509 856 in
523 797 567 855 ius
581 813 671 856 voces
686 796 721 856 ad
731 796 804 856 hauc
816 795 966 876 epistulam
978 814 1069 856 meam

81 887 105 936 et
118 881 261 956 quiescere
276 880 389 957 iubeas,
407 897 471 939 cum
487 882 606 940 inertiae
620 881 727 940 crimen
744 881 886 958 effugero.
918 878 1000 940 Vale.

549 1062 585 1124 11.

343 1162 372 1217 u.
391 1161 517 1214 numius
534 1162 666 1214 msxrmo
684 1161 743 1214 suo
763 1161 789 1215 S.

131 1280 211 1354 Quod
225 1283 291 1361 ipse
311 1284 408 1343 amicis
429 1285 484 1344 tuis
503 1281 688 1362 obtulissem,
711 1283 735 1342 si
755 1281 822 1341 mihi
840 1281 940 1364 eadem
954 1285 1094 1345 material

74 1375 253 1444 suppeteret,
269 1366 298 1426 id
317 1385 391 1427 nunc
405 1369 467 1430 iure
481 1367 609 1427 videora
622 1375 652 1426 te
670 1367 741 1426 meis
756 1366 908 1444 petiturus.
934 1363 1095 1429 Arrianus

73 1447 189 1511 illaturus
201 1448 368 1510 Altinatium
382 1461 427 1512 est
440 1453 593 1530 princeps:
616 1468 679 1510 cum
700 1449 764 1510 dico
785 1451 938 1528 princeps,
959 1450 1069 1510 nonde

73 1531 247 1595 facultatibus
258 1533 380 1614 loquor,
397 1554 470 1614 quae
482 1534 523 1594 illi
535 1534 615 1611 largo
627 1543 799 1613 supersunt,
815 1533 867 1594 sed
879 1533 915 1594 de
927 1535 1068 1612 castitate,

38 1627 66 1676 15
74 1619 186 1696 iustitia,
201 1620 360 1697 gravitate,
375 1619 531 1697 prudentia.
566 1617 654 1680 Huius
677 1636 733 1695 ego
748 1617 875 1684 consilio
890 1620 918 1677 in
933 1621 1095 1696 negotiis,3

72 1700 169 1761 indicio
184 1704 213 1762 in
231 1703 333 1764 studiis
345 1712 424 1764 utor:
443 1721 506 1762 nam
518 1702 667 1781 plurimum
683 1701 757 1779 lide,
778 1699 926 1779 plurimum
937 1703 1069 1779 ueritate,

72 1785 213 1862 plurimum
228 1786 424 1864 intellegentia
438 1796 573 1867 praestat.
593 1787 676 1846 Arnat
685 1803 741 1862 me,
757 1783 825 1845 nihil
837 1803 956 1864 possum
970 1783 1095 1847 arden-4

72 1870 122 1928 tius
136 1869 245 1947 dicere,
262 1880 292 1930 ut
309 1879 348 1930 tu.
369 1869 454 1932 Caret
469 1871 588 1930 ambitu:
607 1870 673 1930 ideo
690 1889 724 1930 se
740 1871 768 1928 in
784 1871 911 1948 equestri
924 1869 1013 1947 gradu
1027 1878 1069 1930 te·

71 1955 135 2030 nuit,
154 1973 218 2015 cum
236 1952 322 2015 facile
338 1964 440 2034 posset
454 1953 613 2015 ascendere
625 1953 800 2014 altissimum.
832 1951 900 2014 lllibi
916 1962 1009 2014 tamen
1025 1971 1069 2013 or-

39 2037 172 2102 touaudus
188 2037 426 2119 excolendusque
441 2050 495 2100 est.
518 2036 617 2116 ltaque
631 2039 725 2115 magni
740 2039 860 2108 aestimo
872 2037 997 2114 dignitati
1010 2039 1096 2100 eius5

72 2118 170 2200 aliquid
186 2121 335 2183 adstruere
350 2124 535 2201 inopinantis,
556 2123 729 2199 nescientis,
747 2123 830 2180 immo
851 2123 933 2181 etiam
948 2121 1071 2182 fortasse

72 2204 205 2285 nolentis,
230 2206 378 2266 adstruere
393 2217 486 2267 autem
501 2205 577 2285 quod
595 2208 631 2266 sit
647 2204 825 2282 splendidum
840 2223 895 2264 nec
909 2205 1070 2266 molestum.

74 2285 152 2350 (luins
166 2293 296 2368 generis,
313 2309 385 2368 quae
401 2293 491 2370 prima
505 2291 621 2350 occasio
636 2290 698 2366 tibi,
717 2289 849 2351 conferas
863 2290 892 2347 in
908 2307 973 2348 eum
984 2299 1096 2366 rogo;6

71 2369 184 2434 babebis
199 2392 264 2451 me,
288 2372 408 2434 habebis
423 2375 515 2452 ipsum
532 2375 721 2450 gratissimum
738 2373 905 2434 debitorem.
937 2371 1070 2445 Quamvis

39 2458 141 2523 merim
153 2459 210 2518 ista
226 2475 283 2519 nou
297 2457 423 2537 adpetat,
439 2467 495 2518 tam
506 2469 586 2535 grate
601 2468 695 2518 tamen
707 2459 815 2535 excipit
829 2473 911 2534 quarn
926 2458 950 2516 si
966 2473 1071 2515 eoncu-

73 2542 170 2615 piseat.
201 2541 283 2601 Vale.

547 2673 597 2735 111.

217 2772 244 2825 c.
262 2773 387 2825 unionis
406 2774 588 2825 oonnnnmn
603 2773 782 2824 ursruuusn
799 2773 883 2825 sunu
900 2775 927 2828 s,

37 2895 67 2951 30
131 2889 202 2951 (lum
223 2900 333 2969 patrem
353 2901 447 2970 urum,
472 2894 669 2970 gravissimum
689 2901 720 2954 et
740 2893 949 2954 sanctissimum
969 2893 1097 2969 virum,l

73 2977 248 3053 suspexerim
261 2976 351 3054 magis
365 2994 400 3037 an
414 2978 564 3038 amaverim
579 2977 704 3038 dubitem
717 2985 805 3055 teque
822 2986 851 3037 et
863 2979 893 3036 in
910 2979 1073 3037 memoriam

75 3058 130 3118 eius
148 3069 178 3121 et
200 3061 229 3119 in
248 3059 386 3120 bonorem
404 3069 482 3120 tuum
503 3063 585 3121 unice
602 3059 731 3138 diligant,
757 3062 867 3140 cupiam
881 3079 1006 3121 necesse
1027 3068 1073 3119 est

73 3149 153 3218 atque
174 3145 276 3220 etiam,
298 3146 472 3222 quantumin
488 3145 658 3223 moluerit,
681 3146 771 3206 enitar
791 3153 822 3204 ut
843 3144 916 3205 iilius
934 3155 999 3204 tuus
1017 3159 1071 3201 avo

74 3225 167 3286 similis
182 3229 296 3305 existat,
314 3227 446 3311 equidem
457 3227 530 3288 malo
544 3237 687 3289 materno:
701 3247 868 3307 quamquam
881 3227 923 3286 illi
937 3236 1071 3305 patemus
1141 3289 1144 3294 ,

37 3309 154 3368 suetiam
171 3309 265 3372 clarus
280 3321 485 3390 spectatusque
504 3315 668 3390 contigerit,
683 3323 766 3392 pater
780 3330 894 3392 quoque
911 3320 941 3370 et
954 3319 1070 3388 patruus

73 3391 181 3454 inlustri
201 3394 283 3455 laude
304 3399 464 3475 conspicui.
495 3395 603 3469 Quibus
626 3399 755 3457 omnibus
778 3399 816 3456 ita
837 3395 948 3454 demum
971 3391 1096 3454 similist

74 3475 237 3556 adolescet,
259 3482 284 3540 si
300 3481 424 3541 imbutus
438 3481 567 3542 honestis
581 3483 688 3542 artibus
708 3481 810 3557 luerit,
832 3495 901 3558 quas
922 3476 1071 3555 plurimum

72 3560 161 3621 refert
181 3579 197 3622 a
214 3579 270 3642 quo
286 3566 464 3640 potissimum
477 3567 611 3644 accipiat.
639 3563 741 3624 Adhuc
752 3562 832 3623 illum
845 3563 984 3642 pueritiae
999 3563 1096 3624 rati03
