2616 4096
330 271 596 334 nrlsrumuom
616 272 677 338 vti.
698 285 742 336 no.
757 284 802 337 n.
1012 274 1073 340 tto
1111 261 1113 268 '

354 424 739 576 o.·1›n1n1nsl‘}co0sn0
759 522 786 576 s.

134 643 244 704 bibrum
263 651 341 701 tuum
362 641 422 719 legi
444 650 473 701 et
492 658 574 720 qnam
599 641 814 720 diligentissime
841 645 921 721 potui
942 642 1098 715 adnotavi1

79 746 144 806 quae
159 725 369 802 commutanda,
385 743 459 803 quae
476 727 624 788 eximenda
640 726 801 786 arbitrarer.
820 724 891 787 Nam
905 735 935 787 et
950 744 1006 804 ego
1023 745 1073 787 re·

59 817 133 870 imm
149 812 247 872 dioere
261 809 378 870 adsuevi
394 818 423 870 et
437 818 467 868 tu
479 806 603 871 libenter
616 809 722 870 audire.
750 808 854 889 Neque
870 812 944 870 enim
959 809 1009 870 ulli
1025 828 1073 888 pa·

77 897 184 955 tientius
207 891 454 973 reprehenduntur
478 911 561 970 qnam
581 896 629 973 qui
650 895 769 953 maxime
791 893 898 953 laudari
918 904 1073 956 merentur.

78 975 152 1038 Nono
166 997 182 1038 a
195 987 226 1038 te
242 976 346 1037 librom
360 993 453 1035 meum
468 993 532 1036 oum
549 975 776 1038 adnotationibus
795 979 851 1038 tuis
868 987 1021 1056 exspecto.
1049 977 1100 1046 02

78 1062 223 1140 iucundas,
247 1058 416 1140 opulobras
436 1059 534 1120 vices!
557 1059 648 1134 Quam
661 1079 706 1122 me
726 1060 850 1121 delectat
865 1061 959 1140 quod,
981 1062 1075 1142 siqua

78 1148 194 1223 posteris
216 1162 285 1206 oura
307 1145 414 1222 nostri,
437 1161 643 1224 usquequaque
665 1143 822 1204 narrabitur
841 1163 897 1224 qna
921 1146 1075 1206 oonoordia

47 1229 252 1306 losimplioitate
268 1227 323 1288 fide
344 1227 512 1308 vixerimus!
537 1227 599 1287 Erit
619 1245 711 1288 rarum
726 1237 754 1288 et
770 1229 882 1304 insigne
897 1227 969 1288 duos
986 1227 1102 1298 homi-3

79 1331 124 1372 nes
140 1322 232 1373 aetate
247 1309 382 1388 dignitate
397 1309 602 1390 propemodum
621 1307 773 1390 aequales,
793 1328 850 1370 non
866 1309 971 1372 nullius
989 1314 1017 1371 in
1031 1310 1076 1372 lit·

79 1399 140 1456 ten's
161 1396 281 1456 nominis
303 1395 411 1474 (cogor
425 1397 500 1454 enim
520 1394 555 1454 de
573 1403 603 1454 te
621 1412 735 1474 quoque
750 1396 863 1473 parolus
879 1394 994 1474 dicere,
1012 1397 1077 1474 quia

80 1479 110 1538 de
123 1499 165 1538 me
183 1477 268 1541 simul
290 1478 387 1557 dioo),
409 1477 527 1538 alterum
548 1477 663 1538 alterins
681 1477 773 1539 studia
787 1478 905 1539 fovisse.
935 1477 1103 1558 Equidemq

80 1561 319 1641 adulescentulus,
338 1580 401 1622 oum
416 1564 470 1622 iam
485 1572 515 1622 tn
530 1561 601 1622 lama
616 1561 764 1642 gloriaque
779 1561 916 1640 floreres,
933 1571 964 1623 te
981 1565 1074 1643 sequi,

48 1655 72 1706 15
81 1647 124 1706 tibi
138 1647 223 1726 longo
246 1647 299 1708 sed
320 1649 464 1724 proximus
480 1645 630 1706 intervallo
652 1656 681 1706 et
698 1665 765 1707 esse
784 1656 814 1706 et
828 1647 926 1706 haberi
940 1648 1076 1726 oonoupi·

80 1731 194 1792 soebam.
226 1730 267 1792 Et
282 1740 361 1790 erant
379 1728 467 1809 multa
485 1729 642 1791 clarissima
662 1731 792 1808 ingenia;
813 1729 866 1790 sed
886 1738 916 1788 tn
938 1729 1006 1789 mibi
1025 1733 1077 1810 (ita

81 1814 223 1875 similitudo
238 1824 354 1875 naturae
377 1813 503 1892 larebat)
521 1815 639 1874 maxime
654 1812 811 1890 imitabilis,
830 1814 950 1873 maxime
968 1813 1076 1874 imitan-

81 1896 126 1957 dus
137 1897 289 1958 videbaris.
310 1896 375 1970 Quo
389 1899 479 1975 magis
492 1897 605 1974 gaudeo
619 1897 706 1976 qnod,
722 1899 749 1960 si
769 1899 832 1976 quis
850 1896 886 1956 de
901 1895 1002 1957 studiis
1017 1909 1103 1960 ser-5

81 1997 135 2057 mo,
156 2000 210 2042 una
229 1984 420 2059 nominamur,
444 1981 520 2059 quod
536 1982 570 2040 de
587 1991 616 2042 te
637 1981 821 2059 loquentibus
835 1982 928 2042 statim
945 1997 1076 2042 ooonrro.

49 2061 136 2126 nobee
153 2065 256 2128 desunt
275 2067 322 2143 qui
339 2067 450 2148 utrique
465 2073 591 2124 nostrum
605 2065 810 2144 praeferantur.
841 2064 900 2125 Sed
915 2082 986 2143 nos,
1009 2064 1101 2130 nihilo

81 2149 189 2209 interest
205 2167 272 2209 mea
292 2166 349 2228 quo
370 2148 453 2226 looo,
481 2149 634 2226 iungimur:
659 2165 723 2208 nam
743 2149 810 2208 mibi
825 2151 932 2228 primns
949 2150 997 2228 qui
1017 2157 1077 2208 ate

81 2235 225 2307 proximus.
266 2231 340 2306 Quin
363 2235 446 2293 etiam
467 2234 496 2291 in
516 2233 694 2292 testamentis
718 2231 808 2292 debes
832 2231 999 2293 adnotasse:
1024 2233 1078 2292 nisi

82 2316 138 2392 quis
151 2317 225 2377 lorte
241 2315 369 2376 alterutri
380 2324 507 2376 nostrum
525 2317 729 2392 amicissimus,
746 2314 845 2376 eadem
862 2315 958 2394 legata
973 2325 1003 2375 et
1017 2317 1078 2393 qni-

83 2397 255 2477 dempariter
269 2401 437 2479 aooipimus.
466 2398 546 2473 Quae
563 2401 654 2458 omnia
675 2399 732 2458 buo
750 2408 883 2477 spectant
903 2408 934 2459 ut
954 2400 1103 2466 inrioemt

50 2479 214 2545 l5ardentins
226 2483 393 2562 diligamus,
414 2500 478 2542 oum
492 2492 535 2543 tot
548 2483 669 2543 vinculis
683 2500 736 2543 nos
751 2483 853 2561 studia,
869 2499 975 2561 mores,
994 2481 1077 2559 fama,

84 2582 203 2644 suprema
215 2568 340 2646 deniqne
353 2567 495 2628 bominum
510 2567 611 2626 iudicia
624 2568 827 2643 constringant.
858 2564 941 2626 Vale.

345 2817 373 2872 G.
391 2817 516 2869 PLINIUS
534 2718 682 2867 gellone
702 2812 762 2866 SUO
781 2815 807 2866 S.

53 2931 81 2986 ³⁰
137 2934 236 3015 Pareo,
249 2935 364 3015 oollaga
378 2939 535 3016 sanissime,
550 2946 580 2998 et
594 2935 744 2996 infirmitati
760 2934 926 3012 ooulornm,
942 2942 973 2995 nt
986 2935 1105 3012 inbes,1

87 3020 204 3084 consulo.
233 3021 305 3082 Nam
320 3031 350 3082 at
366 3021 423 3082 buo
444 3031 523 3082 teoto
541 3018 678 3081 rebionlo
698 3019 824 3099 undique
838 3018 983 3095 indutus,
1000 3020 1080 3097 quasi
1100 3047 1103 3052 ·

85 3099 111 3160 in
122 3103 262 3182 oubioulo,
279 3107 398 3183 perveni
413 3115 444 3166 et
461 3105 508 3165 bio
522 3123 582 3166 non
596 3103 662 3165 stilo
677 3103 762 3164 modo
773 3121 873 3164 verum
884 3105 969 3165 etiam
980 3101 1080 3162 leotio·

86 3183 160 3247 nibus
174 3188 342 3268 diiiioulter,
366 3189 419 3252 sed
433 3188 561 3250 abstineo
577 3188 707 3266 solisque
721 3188 836 3249 auribus
852 3185 965 3249 studeo.
995 3182 1107 3245 cubi-a

88 3266 144 3328 tuln
159 3272 288 3334 obductis
301 3273 375 3335 velis
397 3291 488 3352 opnoa
508 3282 677 3333 neovtamen
696 3272 819 3332 obseura
839 3271 923 3330 iaoio.
957 3265 1080 3346 Crypto-

53 3349 206 3425 ltportions
217 3374 332 3436 quoque
346 3358 491 3438 adopertis
502 3357 686 3418 inferioribus
701 3356 835 3416 fenestris
847 3360 954 3413 tantum
964 3351 1080 3412 umbrae

88 3445 211 3509 quantum
230 3441 341 3504 luminis
363 3441 459 3503 babet.
496 3441 545 3500 Sio
565 3440 700 3521 paulatim
719 3439 814 3500 lnoem
833 3437 911 3498 serre
933 3434 1079 3498 eondisoo.

88 3512 221 3661 Bell'ppenm
235 3525 368 3605 amomo,
385 3527 450 3604 quia
464 3525 599 3604 prodest,
614 3528 726 3603 vinum,
742 3523 807 3602 quia
820 3529 996 3666 nonltbooem
1017 3526 1107 3599 par-3

159 3625 193 3663 nu
206 3611 255 3667 Er.
