2632 4096
366 287 628 351 urrsrunnauu
642 291 678 350 v.
694 303 719 354 1.
733 303 760 354 ι.
772 253 805 354 a.
1044 293 1086 356 so

85 442 204 503 cordiae.
234 441 275 502 lbi
296 459 354 519 ego
375 443 413 502 ‘si
430 448 530 504 mater'
553 444 664 520 inquam
685 448 726 502 ‘te
747 460 784 502 en
803 455 884 522 parte
902 457 999 524 quarta
1014 451 1084 508 scri·

83 529 188 606 psisset
202 525 349 602 heredem,
366 543 432 585 num
446 528 526 604 queri
540 523 667 604 posses?
688 524 764 598 Quid
779 529 803 588 si
817 527 954 588 heredem
971 530 1085 609 quidem

84 611 248 670 instituisset
263 628 300 670 ex
314 627 397 685 asse,
413 609 465 669 sed
479 607 583 686 legatie
598 610 636 669 ita
651 609 832 671 exhausisset
847 623 948 673 utnon
963 614 1084 691 amplius

83 694 153 772 apud
169 702 199 753 te
215 711 298 772 quam
315 701 413 770 quarta
427 689 608 753 remaneret?
622 691 713 770 igitur
727 693 862 756 sufficere
878 697 929 756 tibi
943 696 1042 776 debet,
1059 700 1083 758 si

61 775 270 838 tenberedatus
289 785 409 836 amatre
432 785 558 854 quartam
574 785 682 854 partem
701 777 736 836 ab
759 776 914 841 heredibus
930 782 992 840 eins
1007 783 1083 840 acci·

83 863 157 938 pias,
177 878 260 939 quam
274 869 367 920 tamen
383 876 439 936 ego
455 860 576 936 augebo.
604 859 668 921 Scis
683 869 713 920 te
727 878 784 922 non
799 862 1007 943 subscripsisse
1021 883 1080 924 me·
1092 874 1127 926 lo

84 962 142 1004 cnm
157 954 188 1004 et
204 945 259 1003 iem
275 943 416 1002 biennium
430 945 568 1004 transisse
584 945 733 1022 omniaque
748 963 794 1005 me
810 965 862 1006 usu
878 949 1002 1027 cepisse.
1024 947 1083 1008 Sed

83 1037 110 1088 nt
123 1037 151 1087 te
170 1025 332 1088 coheredes
347 1029 403 1086 mei
418 1026 639 1086 tractabiliorem
655 1030 837 1106 experiantur
851 1041 938 1110 utque
953 1032 1004 1091 tibi
1014 1030 1082 1092 nihil

82 1109 226 1171 abstulerit
247 1112 409 1170 reverentia
429 1112 500 1186 mei,
527 1110 618 1171 offero
638 1127 691 1190 pro
710 1129 773 1172 mea
792 1123 872 1192 parte
896 1115 1082 1175 tantundem!

51 1207 77 1257 ιο
84 1192 142 1253 Tuli
161 1194 286 1254 fructum
299 1210 356 1253 non
371 1195 564 1255 conscientiae
584 1193 668 1254 modo
683 1213 782 1255 verum
800 1199 882 1256 etiam
897 1199 996 1258 laurae.
1028 1197 1081 1259 lile
1091 1206 1122 1257 lt

84 1295 150 1354 ergo
165 1275 304 1338 Curianus
317 1276 443 1354 legatum
456 1275 522 1336 mihi
536 1276 650 1356 reliquit
664 1287 693 1338 et
708 1276 812 1338 factum
823 1299 927 1358 meum,
943 1283 997 1341 nisi
1007 1281 1082 1342 forte

83 1359 208 1422 blandior
231 1360 315 1436 mihi,
338 1363 481 1438 antiquum
500 1361 617 1422 notabili
640 1360 749 1421 honore
771 1364 901 1440 signavit.
933 1363 1012 1424 llaec
1031 1365 1082 1424 tibi
1091 1372 1125 1423 12

85 1446 192 1524 scripsi,
209 1447 276 1524 quia
290 1445 326 1504 de
341 1444 470 1506 omnibus
485 1463 557 1522 qnae
570 1463 616 1505 me
630 1443 679 1504 vel
694 1443 836 1507 delectant
850 1446 898 1508 vel
911 1457 1016 1526 angunt
1026 1465 1082 1507 non

84 1525 160 1588 aliter
175 1538 273 1590 tecum
296 1546 378 1606 qnam
397 1546 508 1588 mecum
523 1527 601 1607 loqui
618 1527 716 1598 soleo;
744 1528 863 1608 deinde,
887 1531 962 1609 qnod
983 1531 1082 1591 durum

50 1615 79 1666 15
86 1613 272 1673 emsdmabam
283 1621 312 1672 te
326 1614 544 1673 amantissimum
554 1614 610 1671 mei
625 1611 754 1673 fraudare
768 1613 914 1693 voluptate
925 1633 1007 1693 qnam
1017 1617 1081 1694 ipse

86 1696 234 1772 capiebam.
268 1694 370 1774 Neque
389 1698 462 1756 enirn
484 1713 545 1756 snrn
565 1706 622 1756 tam
638 1697 752 1774 sopiens
767 1707 798 1757 nt
812 1697 880 1757 nihil
895 1716 958 1759 mea
971 1700 1125 1759 intersitio

84 1795 115 1836 an
129 1780 162 1840 iis
177 1798 250 1858 qnae
266 1778 388 1842 honeste
408 1779 516 1840 iecisse
538 1799 583 1839 me
605 1780 691 1840 credo
713 1781 876 1842 testificatio
899 1782 1035 1860 quaedam
1053 1791 1082 1842 et

85 1864 157 1938 qnasi
175 1867 331 1940 praemium
343 1864 471 1924 accedat.
505 1862 586 1922 Vale.

561 1996 597 2056 ll.

51 2032 79 2086 w
263 2097 292 2152 G.
309 2095 434 2148 PLINIUS
453 2096 633 2149 CALPURNIO
650 2098 772 2149 FLACCO
792 2097 852 2150 SUO
868 2095 895 2152 S.

141 2198 255 2277 Accepi
269 2197 476 2276 pulcherrimos
495 2199 611 2277 turdos,
633 2217 696 2259 cum
713 2199 816 2278 quibus
830 2217 928 2278 panem
942 2199 1107 2261 calculuml

87 2297 187 2357 ponere
201 2301 258 2343 nec
277 2281 356 2343 urbis
376 2284 467 2361 copiis
488 2301 525 2342 ex
538 2282 706 2344 laurentino
721 2301 776 2344 nec
791 2285 876 2344 maris
890 2292 946 2344 tam
961 2283 1081 2343 turbidis

87 2365 295 2444 tempestatibus
311 2382 438 2442 possum.
459 2365 595 2445 Recipies
611 2384 682 2444 ergo
694 2366 832 2444 epistulas
846 2365 961 2428 steriles
977 2376 1005 2427 et
1017 2369 1107 2426 sim-2

52 2446 193 2524 mpliciter
218 2452 343 2528 ingratas
365 2467 399 2509 ao
419 2468 456 2510 ne
476 2449 553 2510 illam
576 2450 688 2528 quidem
709 2450 864 2511 sollertiam
886 2448 1032 2512 Diomedis
1053 2451 1082 2509 in

87 2531 265 2607 permutando
278 2551 394 2593 munere
406 2535 556 2594 imitantes.
580 2533 649 2611 Sed,
665 2552 737 2612 quae
752 2534 872 2594 facilitas
884 2543 942 2611 tna,
957 2532 1014 2593 hoc
1025 2551 1082 2592 ma·

87 2614 126 2689 gis
139 2614 215 2678 dabis
230 2618 341 2681 veniam
356 2616 432 2695 quod
448 2636 480 2678 se
497 2635 554 2678 non
567 2619 671 2677 mereri
686 2618 818 2678 latentur.
851 2615 932 2676 Vale.

551 2749 601 2812 lll.

57 2867 85 2923 30
299 2849 327 2902 c.
345 2849 471 2901 eunius
490 2849 574 2901 rinno
593 2849 746 2901 serenent
764 2847 824 2901 suo
843 2849 870 2900 e.

144 2949 213 3012 llum
234 2952 353 3032 plurima
374 2952 469 3014 cilicia
489 2963 537 3014 tna
555 2952 621 3013 mihi
641 2963 720 3031 grata
740 2962 769 3013 et
783 2953 903 3014 iucunda
919 2963 1001 3031 sunt,
1024 2963 1108 3013 tumt

90 3031 131 3090 vel
151 3039 268 3096 maxime
291 3037 367 3116 quod
387 3055 432 3097 me
454 3036 601 3097 celandum
615 3055 673 3098 non
689 3039 793 3116 putasti
808 3037 898 3100 fuisse
913 3036 987 3116 apud
1000 3046 1030 3096 te
1046 3035 1082 3095 de

91 3117 231 3180 versiculis
251 3123 323 3180 meis
342 3120 459 3181 multum
479 3123 683 3201 copiosumque
705 3139 883 3199 sermonem,
906 3138 1027 3198 eumque
1042 3117 1082 3178 di-

91 3202 215 3263 versitatc
230 3203 396 3264 indiciorum
410 3205 523 3282 longius
534 3207 727 3284 processisse,
743 3207 889 3267 exstitisse
902 3205 985 3264 etiam
997 3218 1083 3279 quos-

59 3277 147 3342 olan
161 3288 206 3364 qni
220 3289 326 3365 scripta
340 3288 454 3367 quidem
468 3290 530 3366 ipsa
544 3306 600 3349 non
614 3290 807 3368 inprobarent,
824 3307 869 3348 me
884 3296 977 3347 tannen
992 3285 1083 3346 amice

94 3363 304 3450 simpliciterque
320 3371 564 3451 reprehenderent
580 3373 655 3451 qnod
666 3373 738 3433 haec
750 3373 909 3437 scriberem
919 3371 1083 3430 recitarem·

94 3461 153 3523 que.
183 3451 290 3526 Quibus
310 3471 384 3532 ego,
406 3464 436 3515 ut
455 3473 574 3533 augeam
590 3473 680 3516 meam
698 3454 825 3533 culpam,
849 3456 888 3513 ita
902 3451 1109 3531 responde022
1193 3455 1201 3465 '

96 3527 162 3593 iacio
182 3553 236 3596 non
255 3555 404 3618 numquam
420 3537 580 3600 versiculos
601 3557 721 3600 severos
742 3555 856 3617 parum,
881 3536 972 3605 iacio;
998 3536 1082 3595 etiam
