2632 4102
368 253 632 316 EPISTULARUM
646 251 670 314 Ι.
691 263 734 317 19.
749 265 793 317 20·
1044 257 1085 322 17

87 411 187 490 alioqui
204 409 411 490 praevaricatio
426 419 471 470 est
488 408 607 469 transire
621 407 758 487 dicenda,
775 409 980 487 praevaricatio
998 412 1083 471 etiam
1129 411 1141 450 ¹

88 497 186 555 cursim
207 503 237 555 et
257 494 384 554 breviter
403 493 543 570 attingere
560 509 632 570 quae
647 493 704 552 sint
725 491 906 571 inculcanda,
931 495 1082 573 infigenda,
1122 519 1139 555 a

85 578 248 656 repetenda.
279 576 349 636 Nam
370 575 517 655 ple-risque
536 574 667 653 longiore
689 584 808 636 tractatu
830 578 874 637 vis
896 577 1033 655 quaedam
1053 584 1108 639 et3

85 661 338 740 pondusaccedit,
361 669 449 739 utque
465 649 581 738 corpori
598 659 720 736 ferrum,
746 662 789 721 sic
811 662 902 720 oratio
921 663 1012 721 auimo
1026 679 1083 720 non

65 747 141 806 tictu
153 747 244 822 magis
259 761 341 823 quam
360 760 438 804 mora
450 744 617 822 inprimitur.
644 741 698 802 llic
717 742 768 804 ille
783 762 893 804 mecum
909 747 1107 805 auctoritati-4

84 829 135 889 hus
149 830 207 906 agit
223 847 257 888 ac
274 827 393 887 mihies
408 826 525 888 Graecis
540 829 685 887 orationes
699 825 800 903 Lysiae
818 837 957 905 ostentat,
982 848 1019 888 ex
1033 847 1084 889 no-

85 914 150 973 stris
168 911 361 972 Gracchorum
375 908 562 990 Catonisque,
581 927 700 988 quorum
714 929 783 971 sane
797 911 934 990 plurimae
949 921 1014 973 sunt
1029 915 1083 973 cir·

86 997 226 1056 cumcisae
239 1004 269 1055 et
283 996 403 1056 breves:
419 1012 476 1073 ego
487 993 589 1070 Lysiae
599 993 824 1072 Demosthenen,
839 995 1016 1076 Aeschinen,
1028 997 1084 1072 lly-

85 1079 222 1160 perideu,
246 1077 407 1158 multosque
421 1087 589 1157 praeterea,
613 1077 749 1139 Gracchis
764 1087 794 1138 et
809 1077 910 1140 Catoni
925 1079 1083 1156 Polionem,

49 1169 77 1220 10
86 1162 248 1240 Gaesarem,
265 1160 403 1240 Caelium,
423 1165 450 1222 in
461 1165 559 1241 primis
571 1160 609 1220 Μ.
619 1161 740 1220 Tullium
753 1179 880 1241 oppono,
900 1166 980 1225 cuius
994 1166 1083 1224 oratio

84 1249 188 1326 optima
210 1245 301 1306 fertur
318 1265 385 1307 esse
403 1264 476 1325 quae
497 1248 625 1305 maxima.
658 1244 696 1305 Et
716 1245 841 1305 Hercule
856 1255 886 1307 ut
905 1245 976 1307 uliae
993 1248 1084 1307 honae

83 1351 130 1392 res
146 1334 185 1391 ita
207 1330 299 1390 honus
322 1329 397 1390 liher
415 1329 518 1389 melior
539 1338 585 1390 cst
606 1330 727 1407 quisque
743 1347 801 1408 quo
818 1332 916 1390 maior.
947 1330 1036 1391 Vides
1054 1339 1110 1392 uto
1202 1359 1208 1365 ·

84 1424 207 1490 statuas,
233 1416 331 1492 signa,
352 1415 496 1492 picturas,
512 1413 657 1490 hominum
668 1413 790 1492 deniqne
804 1413 1013 1494 multorumque
1028 1416 1085 1474 ani·

84 1498 195 1558 mallum
208 1497 324 1575 formas,
340 1499 470 1558 arborum
485 1499 580 1575 etiarn,
596 1498 621 1558 si
634 1496 718 1557 modo
731 1499 787 1558 sint
800 1497 934 1576 decorae,
950 1497 1020 1559 uihil
1029 1515 1085 1558 ma-

47 1593 76 1645 15
85 1585 128 1660 gis
144 1599 229 1661 quam
242 1581 396 1660 amplitudo
413 1581 601 1642 commendet.
621 1579 699 1641 ldem
711 1583 883 1643 orationihus
895 1585 1001 1660 evcnit,
1019 1585 1087 1662 quin

86 1669 169 1726 etiam
187 1665 379 1732 voluminibus
396 1667 467 1744 ipsis
488 1667 684 1726 auctoritatem
701 1665 837 1742 quandam
856 1675 886 1727 ct
900 1665 1086 1746 pulchritudi-

85 1768 149 1810 nem
168 1749 255 1809 adicit
274 1748 446 1827 magnitudo.
478 1749 557 1810 llaec
577 1748 627 1809 ille
642 1748 784 1828 multaque
801 1749 854 1809 alia
875 1767 948 1828 quae
963 1767 979 1809 a
997 1765 1043 1810 me
1059 1752 1112 1816 in6

86 1832 205 1893 eandem
221 1835 388 1894 sententiam
402 1833 497 1894 solent
512 1833 584 1911 dici,
602 1841 633 1892 ut
647 1843 692 1893 est
706 1835 734 1892 in
750 1834 917 1912 disputando
933 1835 1086 1913 inconpre-

86 1916 235 1977 hensibilis
258 1926 288 1976 et
308 1915 452 1993 lubricus,
476 1918 515 1977 ita
531 1915 621 1977 eludit
639 1925 671 1975 ut
685 1916 836 1977 contendat
852 1917 906 1978 hos
922 1919 1001 1997 ipsos
1017 1935 1087 1996 quo·

47 2015 146 2067 norum
166 2002 342 2062 orationihus
358 2003 430 2061 nitar
448 2002 583 2080 pauciora
606 2001 713 2061 dixisse
736 2018 817 2078 quam
841 2001 989 2062 ediderint.
1022 2001 1088 2080 ugo

88 2096 185 2146 contra
199 2093 279 2163 puto.
315 2083 418 2146 Testes
433 2095 497 2145 sunt
512 2084 616 2145 multae
630 2083 780 2144 multorum
801 2087 943 2146 orationes
958 2095 987 2146 et
1003 2083 1113 2150 Cice-'l

86 2172 162 2230 ronis
179 2185 234 2247 pro
250 2167 382 2247 hlureua,
397 2186 451 2247 pro
464 2168 595 2246 Vareno,
611 2170 754 2248 inquibus
769 2170 864 2230 brevis
876 2180 905 2229 et
920 2169 993 2230 nuda
1008 2172 1088 2248 quasi

88 2254 264 2331 subscriptio
280 2251 453 2330 quorundam
468 2255 612 2313 criminum
628 2251 699 2314 solis
714 2253 802 2314 titulis
817 2253 965 2314 indicatur.
984 2252 1031 2314 Ex
1045 2253 1088 2314 his

88 2346 207 2416 apparet
222 2335 301 2396 illum
315 2335 453 2415 permulta
468 2337 591 2414 dixisse,
615 2354 678 2396 cum
698 2336 814 2416 ederet,
837 2340 977 2398 omisisse.
1013 2336 1117 2400 ldem8

49 2426 139 2499 topro
158 2419 292 2481 cluentio
311 2423 349 2480 ait
370 2439 404 2480 se
424 2429 511 2481 totam
531 2438 644 2482 causam
663 2429 763 2481 vetere
777 2423 906 2482 instituto
920 2420 1090 2498 solumper·

87 2520 198 2582 orasse,
215 2514 245 2564 et
260 2522 312 2583 pro
328 2502 360 2564 G.
376 2502 511 2566 Cornelio
527 2503 681 2584 quadriduo
696 2506 809 2582 egisse3
826 2523 863 2565 ue
879 2504 1007 2564 dubitare
1022 2521 1090 2583 pos·

87 2590 173 2662 simus
188 2605 262 2666 quae
275 2607 330 2667 per
343 2587 442 2666 plures
457 2588 530 2667 dies,
542 2598 573 2649 ut
586 2606 710 2649 necesse
725 2597 802 2666 erut,
824 2588 907 2649 latius
923 2587 1024 2649 dixerit
1037 2607 1090 2667 po-

87 2681 148 2731 stea
166 2673 263 2732 recisa
285 2690 319 2733 ac
338 2683 492 2751 repurgata
510 2675 539 2732 in
558 2691 642 2732 uuum
662 2670 782 2751 lihmm,
807 2672 942 2750 grandem
963 2672 1089 2752 quidem,

87 2773 170 2814 unum
184 2764 290 2834 tameo,
307 2765 463 2818 coartasse.
497 2755 542 2817 hd
557 2755 632 2816 aliud
647 2764 693 2817 est
703 2757 778 2816 aetio
790 2757 880 2836 bona,
901 2755 976 2816 aliud
991 2759 1117 2819 oratio.9

52 2839 154 2899 essue
170 2839 328 2900 nonnullis
344 2841 383 2899 ita
395 2839 503 2917 videri,
520 2841 572 2901 sed
589 2857 658 2919 ego,
673 2840 791 2903 forsitan
808 2840 906 2919 fallar,
922 2859 1090 2919 persuasum

90 2921 180 2983 haheo
191 2940 282 3002 posse
293 2924 354 2983 lieri
367 2932 398 2984 ut
409 2925 446 2984 sit
459 2926 534 3004 actio
545 2924 620 2985 hona
631 2941 703 3002 quae
715 2941 772 2984 non
785 2927 822 2986 sit
832 2926 906 2987 hona
920 2926 1020 3002 oratio,
1034 2943 1090 2986 non
1136 2933 1148 2957 ³

90 3022 176 3082 posse
199 3023 256 3066 non
277 3006 380 3068 bonurn
399 3009 541 3070 actionem
561 3027 629 3070 csse
650 3026 724 3086 quae
745 3010 783 3069 sit
804 3009 878 3070 hona
905 3011 1003 3070 oratio.
1019 3008 1090 3069 xEst

92 3091 162 3148 enim
178 3092 269 3151 oratio
288 3092 409 3152 actionis
431 3091 577 3172 exemplar
598 3101 627 3152 et
645 3093 724 3171 quasi
741 3083 938 3173 ἀρχέτυπον.
974 3092 1044 3153 Ideo
1060 3094 1089 3150 in
1100 3101 1133 3152 10

92 3175 194 3250 optima
218 3192 330 3254 quaque
350 3173 430 3236 mille
450 3177 555 3253 ligures
576 3175 787 3254 extemporales
809 3178 983 3253 invenimus,
1008 3177 1036 3234 in
1056 3177 1091 3236 iis

56 3257 173 3316 suetiam
193 3276 264 3336 quas
283 3267 389 3332 tanturm
411 3258 502 3320 editas
528 3260 651 3337 scimus,
676 3268 708 3319 ut
727 3262 756 3320 iu
778 3259 915 3337 Verrem,
943 3260 1091 3320 ‘artificem

93 3337 196 3417 quemi
217 3341 385 3421 quemnam?
406 3352 488 3404 recte
500 3343 650 3404 admones:
672 3342 841 3419 Polyclitum
856 3361 923 3403 esse
938 3341 1090 3402 dicebant?

94 3423 226 3501 Sequitur
241 3444 312 3504 ergo
326 3429 446 3488 utactio
462 3429 498 3490 sit
512 3427 721 3489 absolutissima
736 3445 808 3506 quae
821 3427 940 3486 maxime
957 3426 1091 3487 orationis

95 3507 300 3654 sirtpilitudiEnem
320 3512 514 3591 expresserit,
534 3513 559 3573 si
573 3511 657 3572 modo
671 3512 774 3571 iustum
791 3521 821 3572 et
840 3510 964 3654 debitpm
980 3519 1106 3599 templ?-

152 3613 204 3652 Llltl
247 3615 271 3652 Ρ.
