2632 4096
178 283 438 346 aristobulum
449 235 1030 365 V.1o.(11.)t1.(1a.)12·(13.)1³.(14.)
1053 283 1113 349 101

517 433 582 496 xu.
604 434 706 515 [Xffll

304 534 331 589 C.
350 533 476 586 PLINIUS
493 535 652 586 TERENTlO
670 533 798 586 SGAURO
814 534 875 586 SUO
892 533 918 584 S.

174 635 358 697 Recitaturus
378 637 581 699 oratiunculam
601 655 683 718 qnam
698 636 846 716 publicare
864 638 961 713 cogito
978 636 1139 707 advocavil

113 720 240 800 aliquos,
261 731 291 782 ut
304 738 473 799 revererer,
495 738 621 800 paucos,
641 730 673 781 ut
686 738 784 781 verum
798 719 933 780 audirem.
963 718 1034 780 Nam
1047 723 1114 783 mibi

91 804 219 884 tduplex
233 805 305 865 ratio
319 803 474 882 recitandi,
494 823 567 882 una,
585 815 616 866 ut
635 804 827 867 sollicitudine
846 803 991 882 intendar,
1013 805 1112 884 alteru,

111 898 140 948 ut
155 887 318 966 admonear,
335 889 359 948 si
374 887 441 968 quid
455 887 530 950 forte
544 908 590 950 me
606 898 636 950 ut
650 906 745 949 meum
761 887 843 949 fallit.
863 885 926 948 'l’uli
941 889 1018 968 quod
1032 899 1141 969 pete-2

113 972 189 1049 bum,
213 973 308 1032 inveni
325 973 372 1051 qui
387 971 454 1030 mibi
471 974 582 1052 copiam
596 973 707 1034 consilii
721 973 766 1031 sui
782 972 920 1032 iacerent.
952 971 1020 1052 lpse
1032 991 1114 1052 prae·

112 1065 189 1116 terea
210 1057 349 1136 quaedam
367 1054 539 1117 emendanda
561 1057 701 1118 adnotavi.
731 1055 887 1116 Emendavi
908 1055 1011 1118 librum
1030 1075 1115 1136 quem

111 1139 171 1199 misi
185 1141 247 1199 tibi.
268 1137 414 1201 Materiam
430 1157 467 1200 ex
481 1140 564 1201 titulo
583 1157 765 1219 cognosces,
787 1147 884 1201 cetera
899 1138 974 1200 liber
989 1141 1140 1220 explica-³

78 1222 161 1300 tobit,
177 1241 263 1301 quem
280 1225 333 1283 iam
347 1240 422 1282 nunc
439 1233 554 1302 oportet
570 1226 607 1285 ita
618 1241 811 1286 consuescere
823 1231 854 1281 ut
864 1225 925 1283 sine
936 1223 1113 1303 praefatione

112 1305 302 1385 intellegatur.
324 1305 365 1367 Tu
378 1307 465 1367 velim
480 1305 546 1386 quid
561 1307 598 1368 de
612 1309 764 1383 universo,
779 1304 847 1385 quid
860 1305 897 1366 de
909 1307 1035 1384 partibus
1050 1322 1140 1376 sen-4

114 1391 162 1448 tias
176 1392 287 1452 scribas
302 1391 377 1451 milri.
405 1381 465 1450 llro
480 1393 554 1451 enirn
568 1390 616 1452 vel
633 1392 741 1452 cautior
754 1393 782 1450 in
797 1389 967 1450 continendo
981 1389 1029 1451 vel
1047 1409 1114 1453 con·

112 1475 227 1615 svtaptior
240 1475 270 1534 in
291 1472 419 1552 edendo,
439 1476 463 1533 si
484 1474 540 1534 huc
560 1473 608 1536 vel
630 1473 699 1536 illuc
714 1475 867 1537 auctoritas
882 1483 930 1534 tua
944 1477 1113 1538 accerserit.

136 1575 151 1618 a
162 1577 190 1618 e.

80 1648 107 1699 a
504 1655 722 1737 xru.[xuu.1

360 1753 387 1804 0.
405 1754 531 1807 PLINIUS
549 1754 740 1807 VALERIANO
758 1755 818 1808 SUO
837 1757 864 1812 S.

172 1853 209 1916 Ει
226 1858 259 1916 tu
274 1871 359 1933 rogas
376 1865 406 1916 et
422 1873 479 1934 ego
496 1857 632 1936 promisi,
653 1859 677 1917 si
698 1875 855 1936 rogasses,
877 1859 1047 1936 scripturum
1066 1873 1138 1925 mel

113 1939 159 1999 tibi
174 1957 261 2018 quem
282 1939 427 2000 habuisset
447 1951 580 2002 eventum
600 1941 756 2020 postulatio
777 1940 899 2021 Nepotis
922 1943 997 2003 circa
1014 1940 1112 2005 Tusci·

113 2022 178 2082 lium
197 2021 387 2083 Nominatum.
418 2021 553 2086 lndnctus
574 2036 619 2087 est
640 2024 822 2104 Nominatus,
851 2027 910 2104 egit
931 2025 995 2106 ipse
1010 2043 1063 2106 pro
1076 2045 1112 2087 ae

77 2107 188 2166 Nunllo
213 2117 379 2168 aocvrsente.
425 2105 497 2169 Nam
521 2109 609 2188 legati
633 2110 828 2172 Vicetinorum
861 2125 919 2170 non
944 2109 1029 2171 modo
1055 2127 1112 2178 non

113 2199 278 2268 presserunt
294 2209 359 2250 enm
374 2201 475 2251 verum'
488 2194 571 2253 etiam
583 2193 777 2255 sublevamut.
797 2193 911 2254 Summa
924 2193 1138 2272 defensionis,a

113 2274 267 2336 confidem
287 2275 342 2335 sibi
364 2276 392 2334 iu
411 2275 598 2338 advocatione
620 2277 672 2338 sed
694 2279 877 2340 constantiam
893 2276 1036 2346 delinirem
1063 2277 1112 2338 de·

113 2358 260 2420 scendisse
275 2367 306 2418 ut
319 2368 446 2420 acturum
466 2359 559 2439 adque
573 2362 658 2423 etiam
670 2362 698 2421 in
713 2363 790 2422 ouria
803 2363 913 2439 visum,
934 2360 1036 2421 deiude
1051 2378 1113 2422 ser·

114 2442 241 2503 monibus
263 2444 415 2503 amicorum
435 2446 617 2523 perterritum
636 2447 812 2506 recessisse:
838 2445 972 2504 monitum
987 2445 1062 2504 enim
1075 2463 1112 2505 ne

78 2523 254 2587 todesiderio
275 2527 416 2588 senatoris
432 2544 489 2587 non
508 2528 562 2589 iam
578 2529 660 2608 qnasi
683 2528 720 2590 de
739 2528 886 2605 nundinis,
907 2528 960 2588 sed
981 2527 1061 2605 quasi
1076 2527 1112 2588 de

114 2611 199 2686 gratia
224 2609 298 2670 lama
318 2610 453 2688 dignitate
480 2613 614 2673 certantis
636 2621 691 2674 tam
717 2613 916 2690 pertinaciter,
945 2613 1113 2691 praesertim

114 2692 259 2772 insecuta,
275 2704 458 2774 repugnaret,
474 2694 580 2776 alioqui
594 2697 729 2756 maiorem
744 2695 875 2756 invidiam
890 2696 1113 2774 quamproxime

115 2793 268 2853 parsurum.
290 2776 359 2838 Erat
378 2797 448 2840 saue
461 2780 559 2860 prins,
583 2780 711 2859 apaneis
725 2789 818 2840 umen
838 2778 1024 2842 adclamatum
1045 2789 1140 2842 exe-tt
1197 2779 1199 2786 ’

116 2862 178 2921 auti.
198 2861 349 2922 Subiunxit
362 2879 467 2941 preces
478 2862 653 2943 multumque
668 2863 858 2926 lacrimarum:
875 2866 942 2942 quin
957 2864 1041 2925 etiam
1055 2873 1113 2926 tota

81 2945 224 3005 toaotione
244 2945 329 3006 homo
349 2949 377 3006 in
399 2946 519 3007 dicendo
540 2949 713 3010 exercitatus
729 2965 845 3028 operam
860 2948 939 3009 dedit
959 2958 989 3008 ut
1011 2947 1113 3027 depre-

117 3030 170 3089 cari
183 3031 272 3108 magis
286 3030 332 3108 (id
342 3033 416 3092 enim
428 3039 460 3090 et
473 3031 654 3093 favorabilius
669 3043 700 3093 et
718 3031 822 3111 tutius)
840 3049 922 3112 quam
941 3031 1056 3092 delendi
1071 3031 1112 3088 vi·

117 3109 234 3172 deretur.
256 3113 414 3175 Absolutus
428 3119 627 3177 est'sententia
640 3115 779 3196 designati
790 3115 917 3177 consulis
927 3115 1025 3174 Afrani
1036 3113 1141 3175 lieu-l

117 3195 159 3271 tri,
175 3197 255 3257 cuius
269 3197 343 3259 haec
356 3214 473 3277 eumuna,
489 3198 591 3261 melius
606 3200 719 3279 quidem
729 3199 906 3262 Nominatum
920 3198 1011 3258 inisse
1022 3196 1113 3258 lactu·

117 3293 184 3357 rum,
198 3281 223 3341 si
238 3297 350 3343 causam
358 3281 553 3343 Vicetinorum
567 3283 670 3344 eodem
683 3285 776 3345 animo
789 3298 847 3362 quo
862 3288 1031 3359 susceperat
1046 3297 1112 3358 per·

82 3359 238 3424 detulisset:
254 3366 320 3444 quia
334 3375 426 3426 tamen
440 3368 468 3426 in
483 3365 541 3427 lroc
555 3385 647 3445 genus
660 3365 764 3445 culpae
780 3384 836 3427 non
850 3363 950 3426 fraude
964 3363 1112 3424 breidisset

118 3443 237 3526 nihilque
250 3448 364 3527 dignum
378 3448 620 3512 animadversione
634 3452 782 3513 admisisse
797 3450 1026 3526 convinceretur,
1040 3445 1111 3510 libo·

119 3530 244 3608 randurn,
271 3534 309 3594 ita
328 3543 359 3594 nt
378 3533 516 3594 Vicetinis
536 3534 614 3615 quod
627 3541 780 3615 acceperat
793 3530 936 3595 redderet.
970 3530 1144 3595 adsensa-a
