2632 4096
394 277 659 339 EPISTULARUM
679 277 744 338 1111.
764 289 792 342 8.
806 289 833 343 9.
1076 281 1114 345 71

107 434 181 512 ipsis
195 447 295 508 magua
310 439 401 508 orant,
420 431 545 492 dicerem
559 430 595 491 de
612 433 822 510 conspiratione
838 432 1011 511 delatorum,
1031 434 1139 512 ιιιιιιιιιι»

108 519 138 577 in
155 524 278 594 quaestu
298 513 456 591 habebant,
483 514 610 576 dicerem
634 532 736 577 causas
757 518 862 594 quibus
882 516 1114 578 factiosissimum

109 617 270 679 quemque,
292 606 322 657 ut
338 596 417 657 illum
434 601 531 681 ipsum
546 597 757 678 Theophanen,
778 599 957 661 offendisset.
987 599 1117 662 Eundem

108 701 156 744 me
177 682 307 742 voluerat
329 698 484 742 occurrere
507 683 614 742 crimini
635 700 693 762 quo
722 685 841 744 maxime
866 683 1058 763 premebatur.
1084 683 1116 746 ln

85 767 175 834 saliis
195 767 271 826 enim
285 767 412 845 quamvis
428 766 523 827 auditu
537 767 715 844 gravioribus
737 783 792 827 non
806 767 1017 828 absolutionem
1030 768 1116 829 modo

110 868 213 912 verum
228 851 311 909 etiam
324 848 435 910 laudem
450 850 627 928 merebatur,
650 851 706 911 hoe
722 850 802 911 illum
817 853 954 913 onerabat
969 853 1047 930 quod
1063 853 1139 918 ho·6

108 953 157 995 mo
174 932 297 1012 simplex
317 942 346 993 et
370 936 499 994 incautus
517 934 654 1012 quaedam
674 953 690 995 a
711 935 935 1013 provincialibus
955 945 985 996 ut
1006 938 1113 998 amicus

108 1026 274 1097 acceperat.
295 1015 366 1076 Nam
379 1017 471 1077 luerat
486 1019 515 1076 in
528 1018 627 1078 eadem
644 1021 791 1097 provincia
806 1029 952 1098 quaestor.
975 1019 1054 1081 llaec
1069 1039 1115 1081 ac·

110 1111 260 1163 cusatores
279 1100 352 1160 orna
375 1112 404 1161 et
419 1103 542 1179 rapinas,
559 1102 623 1181 ipse
637 1120 753 1162 munera
766 1105 904 1164 vocabat:
928 1103 981 1165 sed
994 1103 1045 1164 lex
1056 1122 1117 1163 mu·

66 1204 101 1255 10
108 1205 179 1247 nera
191 1202 307 1263 quoque
323 1186 417 1264 accipi
431 1193 519 1246 vetat.
539 1184 593 1246 Hic
608 1203 664 1263 ego
680 1186 749 1265 quid
765 1205 891 1264 agerem,
908 1187 984 1266 quod
998 1189 1054 1248 iter
1067 1188 1141 1251 dol

108 1271 251 1332 fensionis
264 1265 452 1346 ingrederer?
466 1267 630 1346 Negarem?
643 1270 766 1330 verebar
779 1289 816 1330 ue
827 1270 911 1349 plane
923 1271 1026 1330 lurtum
1036 1271 1116 1331 vide-

108 1363 189 1416 retur
211 1352 288 1430 quod
310 1353 438 1414 confiteri
456 1352 596 1413 timorem.
624 1353 777 1414 Praeterea
790 1371 850 1414 rem
864 1354 1041 1414 manifestam
1055 1354 1116 1414 inb·

110 1439 173 1498 tiari
188 1439 320 1515 augentis
335 1447 396 1497 erat
411 1439 528 1514 crimen,
544 1453 601 1496 non
619 1436 763 1514 diluentis,
782 1439 952 1516 praesertim
970 1455 1033 1497 cum
1048 1455 1116 1498 reus

109 1522 176 1600 ipse
192 1519 260 1580 nibil
282 1523 424 1598 integrum
444 1520 589 1581 advocatis
606 1519 782 1598 reliquisset.
816 1518 913 1582 lllultis
936 1523 1009 1581 enim
1030 1532 1115 1600 atque

68 1617 102 1670 15
112 1605 197 1665 etiam
219 1605 343 1683 principi
363 1604 472 1665 dixerat
492 1603 554 1664 sola
573 1624 606 1665 se
627 1605 793 1665 munuscula
809 1605 949 1666 dumtaxat
962 1605 1046 1666 natali
1062 1623 1115 1666 suo

110 1698 158 1748 aut
173 1687 367 1749 Saturnalibus
382 1690 535 1766 accepisse
552 1697 582 1748 at
599 1688 745 1767 plerisque
761 1690 887 1750 misisse.
908 1689 1027 1750 Veniam
1041 1697 1139 1766 ergab

111 1769 262 1851 peterem?
284 1771 458 1850 iugulassem
477 1789 574 1850 raum,
597 1791 681 1851 quem
697 1775 735 1832 ita
750 1772 908 1852 deliquisse
926 1772 1117 1833 concederem

110 1866 142 1917 nt
159 1857 268 1917 servari
283 1858 337 1916 nisi
351 1859 435 1916 venia
450 1873 507 1916 nou
521 1867 632 1935 posset.
665 1855 817 1935 Tamquam
831 1867 913 1917 recte
928 1855 1034 1916 iactum
1053 1865 1115 1916 tne-

110 1935 178 2000 rer?
192 1957 249 1998 uon
264 1939 306 1999 illi
322 1939 507 2018 profuissem,
524 1940 577 2001 sed
591 1942 655 2018 ipsa
670 1940 810 2018 inpudens
823 1942 992 2002 extitissem.
1016 1939 1049 2000 lu
1061 1939 1141 2006 hace

68 2023 277 2085 bodillicultate
298 2023 406 2102 placuit
422 2023 544 2083 medium
564 2025 694 2102 quiddam
713 2033 830 2085 tenere:
856 2024 958 2084 videor
977 2026 1115 2086 tenuisse.

109 2109 263 2168 Actionem
277 2124 384 2185 meam,
401 2116 431 2168 ut
444 2107 554 2186 proelia
569 2107 660 2185 solet,
683 2125 740 2167 nox
755 2109 875 2169 diremit.
898 2107 1023 2186 Egeram
1039 2107 1117 2168 boris

109 2191 203 2252 tribus
216 2200 246 2251 et
260 2190 387 2267 dimidia,
410 2201 560 2269 supererat
576 2191 756 2272 sesquihora.
787 2192 859 2254 Nam
875 2210 939 2253 cum
953 2212 971 2252 e
987 2192 1055 2270 lege
1069 2210 1117 2251 ac·

111 2285 228 2336 cusator
238 2293 291 2336 sex
305 2274 407 2351 boras,
428 2292 532 2335 novem
552 2293 620 2336 reus
640 2278 821 2355 accepisset,
842 2278 881 2336 ita
896 2277 1033 2337 diviserat
1047 2285 1117 2336 tem·

109 2376 183 2439 pora
194 2377 264 2418 reus
280 2360 415 2419 interme
432 2368 462 2418 ot
476 2377 542 2419 eum
557 2362 605 2438 qui
620 2360 747 2422 dicturus
758 2371 826 2439 post
837 2369 909 2436 erat,
924 2369 955 2420 ut
967 2375 1025 2437 ego
1037 2361 1118 2436 quin·

68 2453 102 2505 ²5
111 2461 169 2522 qne
184 2443 274 2519 boris,
291 2442 341 2504 ille
354 2443 474 2522 reliquis
487 2452 624 2504 uteretur.
647 2443 715 2504 llibi
726 2462 881 2506 successus
895 2445 1016 2504 actionis
1031 2442 1116 2503 silen·
1127 2451 1157 2502 le

110 2529 181 2587 tium
197 2527 337 2605 finemque
361 2527 509 2589 suadebat.
540 2526 731 2588 Temerarium
748 2538 793 2588 est
813 2529 887 2589 euim
907 2525 1041 2588 secundis
1060 2543 1118 2586 non

111 2629 182 2672 esse
196 2621 370 2671 contentum.
395 2610 441 2671 Ad
455 2611 512 2672 boc
528 2612 651 2672 verebar
663 2631 700 2672 ne
714 2629 760 2671 me
777 2613 908 2690 corporis
921 2612 999 2670 vires
1014 2610 1117 2670 iterato

110 2695 212 2756 labore
238 2694 424 2772 desererent,
452 2712 538 2773 quem
557 2694 701 2756 diflicilius
728 2704 774 2755 est
797 2703 933 2774 repetere
954 2711 1037 2772 qnam
1056 2695 1117 2754 iun-

110 2796 192 2857 gere.
227 2777 296 2839 Erat
316 2781 400 2839 etiam
414 2778 573 2858 periculum
588 2797 625 2839 ue
639 2778 750 2857 reliqua
765 2781 839 2839 actio
855 2789 962 2839 maaet
978 2778 1068 2856 lrigus
1086 2786 1118 2838 ut
1128 2789 1156 2840 ll

70 2862 245 2942 anteposita
256 2871 286 2922 ct
295 2863 418 2923 taedimn
428 2872 459 2922 nt
468 2872 613 2942 resumpta
623 2871 780 2940 pateretur.
794 2862 831 2922 Ut
843 2865 918 2923 enim
929 2862 1009 2924 iaces
1023 2865 1119 2940 ignom

109 2946 227 3007 adsidua
243 2948 433 3008 concussione
451 2946 630 3021 custodiunt,
644 2946 789 3007 dimissum
802 2948 961 3024 aegerrime
974 2956 1117 3026 reparant,

110 3032 155 3090 sic
170 3040 200 3090 et
215 3030 337 3092 dicendis
353 3030 432 3090 calor
448 3040 479 3091 et
498 3031 637 3091 audientis
658 3032 779 3091 intentio
797 3032 1008 3092 continuatione
1023 3047 1119 3090 serva·

110 3123 167 3190 tur,
182 3114 394 3194 intercapedine
408 3123 439 3174 et
451 3116 534 3192 quasi
550 3116 721 3176 remissione
738 3113 908 3192 languescit.
939 3113 998 3174 Sed
1011 3112 1160 3174 Bassum

111 3196 209 3258 multis
230 3199 385 3276 precibus,
406 3215 498 3277 paene
519 3200 603 3258 etiam
623 3195 748 3259 lacrimis
776 3198 948 3274 obsecrabat
968 3196 1117 3273 implerem

70 3291 207 3346 timeum
222 3289 344 3361 tempus.
377 3280 459 3342 l’arui
473 3281 679 3360 utilitatemque
700 3284 762 3342 eius
778 3280 901 3359 praetuli
915 3297 1004 3339 meae.
1037 3277 1116 3340 Bene

112 3367 221 3427 cessit:
247 3368 342 3426 iuveni
367 3367 405 3426 ita
426 3374 542 3427 erectos
563 3366 672 3427 animos
697 3373 830 3440 senatus,
858 3367 897 3424 ita
923 3371 1059 3424 recentes
1086 3372 1117 3423 ut

111 3451 210 3531 priore
230 3450 344 3511 actione
363 3451 471 3510 incitati
487 3451 577 3526 magis
593 3467 675 3528 quam
689 3450 780 3510 satiati
794 3448 968 3507 viderentur.
993 3447 1116 3507 Succes·
1130 3455 1160 3508 13

110 3535 149 3594 sit
163 3532 231 3592 mibi
245 3533 389 3596 Lucceius
405 3532 543 3611 Albinus,
565 3543 621 3594 tam
640 3542 707 3612 apte
729 3541 759 3592 ut
778 3533 921 3592 orationes
940 3540 1055 3592 nostrae
1069 3548 1116 3590 va-
