2632 4102
222 307 265 371 42
651 305 683 366 0.
705 305 802 366 Plle

197 470 450 542 ipermoverctur.
482 459 688 522 Potesttamen
705 460 765 519 lieri
779 469 809 520 ut
826 474 993 538 quamquam
1007 458 1034 518 in
1051 458 1094 519 bis
1108 457 1231 518 dillicul·

224 544 328 605 tatibus
348 543 421 605 libro
443 546 490 605 isti
510 547 621 605 novitas
645 544 841 621 lenocinetur,
870 543 980 602 novitas
1001 542 1076 620 apud
1098 551 1229 610 nostros;

223 628 299 709 apud
311 627 438 689 Graecos
457 630 532 689 euim
548 636 593 689 est
604 626 735 706 quiddam
746 629 872 705 quamvis
887 644 925 686 ex
938 625 1052 687 diverso
1067 635 1231 685 nontamen

198 715 337 776 domnino
353 709 499 772 dissimile.
520 710 591 771 Nam
605 721 635 770 ut
647 710 702 770 illis
714 720 775 773 erat
787 712 873 770 moris
889 709 971 787 leges
987 727 1056 788 quas
1072 718 1104 770 ut
1117 717 1231 768 eontra-

224 799 280 857 rias
292 795 434 874 prioribus
446 794 560 871 legibus
572 795 727 871 arguebant
744 792 858 854 aliarum
875 792 1028 853 collatione
1044 795 1229 870 convincere,
1242 810 1258 861 5

224 883 263 941 ita
279 878 361 938 nobis
373 880 470 938 inesse
480 878 701 956 repetundarum
712 876 771 955 legi
785 877 861 956 quod
875 876 1083 954 postularemus
1100 877 1231 936 cumbae

223 966 287 1042 ipsa
302 961 370 1038 lege
384 970 442 1022 tum
456 961 519 1022 aliis
531 960 722 1040 colligendum
733 962 799 1031 iuit;
816 960 892 1039 quod
906 977 1083 1038 nequaquam
1098 959 1231 1021 blandum

225 1045 338 1105 auribus
353 1047 538 1122 inperitorum
551 1053 628 1105 tanto
643 1047 777 1106 maiorem
789 1044 863 1124 apud
875 1043 1096 1105 doctos‘habere
1111 1047 1230 1122 gratiam

198 1129 329 1206 9debet,
355 1137 459 1207 quanto
479 1131 618 1189 minorem
637 1129 712 1206 apud
727 1128 857 1189 indoctos
874 1127 970 1188 habet.
1002 1125 1063 1188 Nos
1077 1137 1188 1204 autem,
1204 1131 1230 1187 si

224 1211 364 1292 placuerit
384 1213 524 1290 recitare,
545 1211 694 1273 adhibituri
716 1230 812 1273 sumus
836 1211 1053 1271 eruditissimum
1075 1229 1274 1290 quemquem

225 1295 284 1356 Sed
298 1295 382 1376 plane
397 1295 488 1358 adhuc
504 1315 538 1357 an
554 1299 589 1357 sit
610 1296 783 1356 recitandum
800 1297 927 1355 examina
942 1303 1055 1370 tecum,
1077 1297 1229 1372 omnisque

225 1398 298 1460 quos
310 1397 366 1457 ego
382 1383 456 1439 movi
474 1382 503 1440 in
519 1389 640 1458 unaque
654 1389 735 1458 parte
751 1379 877 1443 calculos
893 1395 986 1457 pone,
1005 1376 1090 1456 idque
1109 1377 1187 1455 elige
1202 1383 1231 1438 iu

226 1481 282 1544 quo
297 1465 397 1524 vicerit
412 1465 494 1523 ratio.
513 1462 580 1524 Ate
591 1466 665 1523 enim
680 1466 751 1523 ratio
764 1465 897 1540 exigitur,
914 1479 966 1523 nos
982 1463 1129 1524 excusabit
1144 1463 1230 1523 obse·

225 1549 329 1627 quium.
359 1545 440 1606 Vale.

693 1679 756 1740 XX·
1241 1647 1272 1697 15

492 1779 519 1833 C.
540 1779 667 1830 PLINIUS
686 1777 834 1830 GALVISIO
854 1778 915 1831 SUO
933 1777 959 1833 S.

201 1897 212 1946 1
284 1882 389 1944 Assem
402 1899 470 1960 para
484 1891 513 1942 et
526 1883 628 1960 accipe
643 1899 756 1941 auream
767 1881 901 1960 fabulam,
918 1881 1028 1943 fabulas
1042 1883 1142 1941 immo:
1165 1898 1231 1940 uam

164 2003 168 2011 ‚
225 1983 271 2025 me
287 1967 412 2045 priorum
428 1983 502 2025 nova
516 1965 675 2042 admonuit,
694 1984 750 2026 nec
764 1966 853 2027 relert
868 1983 884 2026 a
899 1984 953 2045 qua
969 1967 1145 2046 potissimum
1158 1966 1230 2025 inci-

199 2047 350 2193 illd
365 2048 1273 2212 0,til⁸lintizililllt“lilii{leitil²⁰

226 2216 347 2276 hominis
362 2219 411 2295 qui
422 2219 533 2276 venerit
546 2216 581 2276 ad
594 2235 719 2295 aegram,
733 2220 813 2278 cuius
826 2219 926 2278 marito
937 2219 1156 2294 inimicissimus,
1172 2217 1230 2295 ipsi

198 2300 411 2364 itiuvisissimus
426 2299 528 2361 bremt.
549 2299 633 2379 Esto,
650 2303 674 2362 si
689 2304 767 2362 venit
780 2309 900 2361 tantum:
916 2301 953 2361 ad
967 2300 1016 2361 ille
1031 2303 1116 2362 etiam
1132 2302 1230 2378 proxi·

225 2401 287 2444 mus
300 2393 364 2444 toro
380 2385 466 2461 sedit,
483 2402 540 2462 quo
555 2384 613 2463 die,
631 2403 686 2463 qua
700 2384 770 2446 bora
783 2394 848 2446 nata
862 2394 943 2446 essct
956 2386 1150 2462 interrogavit.
1173 2384 1230 2444 Ubi

226 2467 329 2546 audiit,
346 2471 491 2548 componit
504 2466 628 2546 vultum,
650 2469 769 2531 intendit
783 2467 902 2547 oculos,
918 2476 1015 2529 movet
1028 2467 1122 2540 labra,
1139 2469 1230 2545 agitat
1239 2479 1272 2532 25

226 2551 343 2629 digitos,
357 2562 515 2632 computem
529 2550 613 2612 nihil:
629 2563 659 2614 nt
666 2552 713 2613 diu
720 2555 853 2614 miseram
859 2554 1061 2632 expectatione
1067 2551 1230 2630 suspendit,

200 2634 340 2697 4‘babes’
363 2636 460 2716 inquid
480 2635 716 2698 ‘climactericum
733 2646 863 2716 tempus,
885 2636 937 2696 sed
953 2636 1068 2698 euodes.
1099 2633 1185 2708 Quod
1199 2645 1231 2694 ut

226 2718 277 2777 tibi
290 2721 380 2794 magis
395 2718 514 2797 liqueat,
528 2719 710 2799 haruspicem
725 2719 872 2799 consulam
886 2737 970 2798 quem
985 2737 1047 2780 sum
1061 2718 1232 2798 frequenter

199 2799 386 2878 inexpertus&
409 2800 472 2862 Nec
482 2819 575 2872 mora;
592 2803 761 2863 sacrificinm
772 2802 851 2880 lacit,
866 2802 991 2863 adfirmat
1002 2811 1066 2864 exta
1078 2820 1142 2863 cum
1153 2802 1230 2863 side·

225 2899 286 2954 rum
298 2885 505 2960 significatione
518 2903 688 2962 congruere.
708 2885 771 2965 llla,
779 2889 843 2946 utin
850 2887 981 2966 periculo
994 2884 1120 2964 credula,
1132 2887 1230 2964 poscit
1239 2901 1273 2953 30

226 2965 394 3044 codicillos,
415 2967 540 3046 legatum
556 2967 670 3048 Regulo
691 2972 805 3032 scribit:
829 2987 897 3030 mox
916 2972 1103 3048 ingravescit:
1126 2969 1231 3030 clamat

224 3052 349 3113 moriens
364 3050 507 3113 hominem
521 3071 658 3133 nequam,
682 3054 820 3133 perfidum
834 3072 868 3115 ac
883 3053 948 3132 plus
964 3056 1048 3114 etiam
1066 3071 1147 3132 quam
1162 3069 1230 3131 per-

68 3123 71 3130 ’
200 3136 335 3214 oiurum,
357 3138 405 3214 qui
425 3136 480 3196 sibi
501 3153 555 3216 per
571 3137 692 3199 salutem
708 3137 756 3197 lilii
771 3139 942 3217 peierasset.
964 3137 1044 3199 Facit
1059 3137 1116 3198 hoc
1130 3135 1230 3213 Regu·

224 3217 269 3278 lus
284 3236 340 3281 non
353 3221 446 3280 miuus
462 3219 604 3282 scelerate
618 3239 700 3300 quam
715 3222 899 3300 frequenter,
922 3221 997 3301 quod
1014 3223 1082 3282 iram
1097 3218 1228 3296 deorum,

224 3320 297 3381 quos
320 3305 385 3382 ipsc
406 3305 511 3365 cotidie
538 3303 627 3382 iallit,
655 3307 684 3365 in
706 3314 791 3383 caput
811 3303 935 3366 infelicis
955 3308 1037 3385 pueri
1060 3305 1270 3370 detestatum

199 3385 353 3449 iVelleius
368 3387 506 3466 Blaesus,
529 3387 579 3449 ille
600 3387 732 3467 locuples
754 3387 929 3466 consrdaris,
952 3390 1106 3450 norissima
1126 3385 1229 3448 valitu-

224 3468 289 3529 dine
312 3471 541 3532 condictabatur:
570 3472 704 3550 cupiebat
723 3481 830 3532 mutare
846 3481 1052 3533 testamentum.
1084 3469 1228 3549 Regulus,

225 3554 273 3629 qui
289 3563 419 3631 speraret
435 3553 540 3631 aliquid
561 3573 599 3614 ex
613 3557 696 3615 novis
710 3554 831 3631 tabulis,
848 3557 912 3634 quia
926 3574 1019 3634 nuper
1033 3565 1149 3636 captare
1162 3573 1229 3614 eum
