2616 4096
219 310 281 375 156
638 311 671 373 0.
691 311 790 374 PLlNl

217 480 289 544 quae
303 471 359 523 turn
369 479 491 541 reeens,
506 471 562 523 tam
577 465 713 542 copiosa,
728 475 782 526 tam
798 465 862 540 lata,
879 466 1002 542 denique
1017 473 1072 524 tum
1085 465 1211 542 poetica,
1298 487 1299 560 p

191 557 246 613 tet
264 563 428 627 quamquam
448 548 476 606 iu
491 548 649 609 verissimis
664 548 770 626 rebus,
790 557 846 608 tum
859 547 988 608 fabulosa
1004 544 1143 607 materiai
1164 546 1213 606 lli·
1298 561 1299 610 ι

217 649 267 691 ces
287 631 401 691 inmisso
416 631 501 690 terris
521 646 594 691 nova
611 631 739 710 flumina,
760 647 852 692 noros
872 639 975 708 pontes
994 630 1155 691 llumiuihus
1174 633 1212 689 in·

216 716 319 788 lectos,
335 716 445 774 insessa
460 715 560 774 eastris
575 717 710 775 montium
724 715 852 793 abrupta,
870 713 982 793 pulsum
994 716 1086 791 regia,
1101 713 1213 792 pulsum

217 798 301 858 etiam
315 799 372 856 vita
389 813 488 872 regem
510 796 579 856 nihil
602 797 815 876 desperantem
845 797 1040 876 superhaec,
1068 807 1150 857 actos
1173 797 1235 858 bist
1298 795 1299 880 l

216 879 386 958 triumphos,
404 897 522 957 quorum
537 880 609 940 alter
623 897 661 940 ex
671 883 775 942 invicta
789 890 877 958 gente
894 882 1018 959 primns,
1035 879 1106 940 ulter
1119 882 1214 940 noris-

189 967 303 1026 3eimns
321 961 382 1022 init.
402 961 463 1021 Una
477 962 529 1022 sed
545 965 663 1023 maxima
676 964 843 1038 difficultas,
860 963 935 1042 qood
949 964 1020 1023 haec
1035 981 1160 1042 aequare
1176 963 1214 1022 di·

218 1045 309 1106 cendo
329 1045 443 1105 arduum
464 1047 637 1121 inmensum,
662 1049 747 1108 etiam
767 1057 816 1108 tuo
837 1049 973 1124 ingenio,
996 1063 1163 1126 quemqnam
1177 1046 1214 1107 ul·

218 1130 328 1189 tissime
343 1129 475 1205 adsurgat
491 1137 520 1188 et
534 1129 714 1208 impiissimis
735 1131 870 1209 operibns
885 1131 1036 1190 increscat.
1066 1129 1132 1190 llou
1155 1129 1214 1189 uul-

217 1211 263 1272 lus
279 1221 307 1272 et
320 1214 349 1271 in
362 1211 413 1272 illo
427 1211 509 1272 labor
522 1223 553 1272 ot
569 1214 687 1274 barbara
700 1223 730 1273 et
743 1214 803 1274 iera
822 1216 949 1292 uomina,
974 1216 1002 1272 io
1024 1214 1121 1291 primis
1137 1214 1214 1290 regis
1224 1227 1249 1278 rt

193 1297 321 1375 tlpsius,
337 1293 456 1358 Graecis
466 1298 598 1359 versibus
611 1314 667 1357 non
677 1296 825 1359 resultent.
855 1297 914 1357 Sed
928 1296 996 1356 nihil
1012 1296 1145 1375 estquod
1161 1313 1214 1356 uon

218 1388 278 1439 arte
295 1397 429 1457 curaque,
447 1381 472 1439 si
487 1397 543 1440 uon
558 1389 654 1459 potest
667 1382 754 1458 vinci,
767 1381 921 1458 mitigetur.
948 1379 1117 1457 Praeterea,
1133 1382 1158 1440 si
1171 1379 1215 1439 du

219 1473 264 1522 tur
278 1462 401 1522 Homero
418 1471 448 1522 et
467 1462 562 1523 mollia
575 1463 715 1524 vocabula
737 1473 766 1527 et
782 1461 889 1524 Graeca
908 1463 942 1523 ad
957 1462 1101 1524 levitatem
1116 1479 1214 1522 versus

219 1544 403 1622 contrahere,
427 1545 599 1624 extendere,
620 1547 785 1624 inflectere,
813 1565 864 1607 cnr
882 1547 933 1608 tihi
952 1545 1051 1607 similis
1073 1545 1213 1622 audentia,

193 1629 385 1707 epraesertim
402 1643 459 1688 uon
479 1627 599 1690 delicata
617 1629 670 1690 sed
683 1633 861 1708 necessaria,
883 1647 939 1690 non
961 1627 1063 1690 detur?
1093 1628 1213 1691 Proinde
1223 1635 1249 1686 lt

218 1716 278 1773 inre
293 1721 387 1772 vatum
401 1714 538 1774 invocatis
552 1712 606 1790 dis,
624 1723 653 1773 et
664 1707 737 1772 inter
748 1729 801 1774 eos
812 1715 878 1792 ipso
889 1715 968 1774 cuius
983 1732 1030 1774 res
1046 1731 1136 1792 opera
1150 1729 1214 1774 eon·

218 1796 282 1857 eilia
296 1797 422 1857 dictante
437 1813 480 1872 es,
498 1798 614 1856 immitte
628 1796 781 1874 rudentes,
802 1796 989 1875 panderem,
1007 1814 1041 1856 ao
1060 1799 1085 1858 si
1104 1796 1214 1875 quomo

218 1879 298 1956 alias,
313 1889 374 1940 toto
390 1881 504 1956 ingenio
522 1879 639 1938 vehere.
667 1877 726 1939 (lnr
738 1881 812 1940 enim
822 1897 879 1940 non
895 1895 952 1957 ego
968 1897 1082 1959 quoque
1099 1881 1214 1958 poetice

193 1969 284 2022 6eum
298 1959 405 2040 poeta?
419 1961 492 2021 lllnd
508 1963 562 2020 ium
575 1978 650 2021 nunc
661 1964 807 2041 paciscor:
828 1965 915 2042 primu
930 1980 1060 2042 quaeque
1075 1973 1106 2024 ut
1122 1961 1214 2024 absol-

216 2046 311 2121 veris‚
332 2045 452 2120 mittito,
475 2046 559 2104 immo
580 2045 663 2104 etiam
683 2055 749 2106 ante
771 2046 1022 2125 pannosorum,
1044 2049 1118 2108 sieut
1136 2053 1249 2107 emuttt

193 2128 342 2186 trecentia
362 2135 392 2187 et
408 2126 487 2186 rudia
509 2135 538 2187 et
557 2127 649 2187 adhue
672 2129 773 2190 similia
792 2129 984 2191 nascentibus.
1014 2129 1214 2210 Respondebis

217 2227 275 2270 ιιοιι
288 2227 377 2288 posse
392 2210 510 2287 perinde
527 2214 643 2289 carptim
658 2223 688 2272 ut
704 2223 853 2296 contextu,
873 2213 992 2291 perinde
1012 2214 1144 2274 inchoata
1158 2212 1214 2292 pla-

219 2312 287 2353 eere
302 2303 332 2353 nt
347 2293 460 2354 ellectu.
480 2293 557 2354 Seio.
577 2293 676 2374 ltaque
690 2307 719 2356 et
734 2314 749 2356 u
763 2313 809 2356 me
823 2295 1043 2358 aestimabuntur
1057 2305 1087 2357 ut
1101 2306 1214 2376 coepta,

218 2378 421 2456 spectabuntur
435 2386 465 2437 ut
484 2379 609 2438 membra
628 2388 837 2459 extremamque
855 2378 948 2439 limum
967 2389 1043 2440 tuam
1065 2382 1216 2459 opperien-

216 2470 263 2520 tur
276 2462 305 2521 iu
317 2461 422 2522 scrinio
435 2470 544 2521 nostro.
565 2461 666 2522 l'atere
681 2462 737 2522 lroc
752 2479 798 2522 me
809 2480 898 2540 super
913 2473 1010 2524 cetera
1024 2463 1129 2523 haltere
1141 2463 1250 2524 amo-tt

216 2546 255 2604 ris
265 2547 305 2604 tui
321 2547 425 2623 pignus
438 2554 469 2606 ut
485 2562 519 2605 ea
542 2562 656 2624 quoque
670 2547 760 2606 norim
778 2564 849 2624 quae
865 2547 1102 2608 nossenemiuem
1111 2545 1214 2606 velles.

190 2624 248 2690 din
262 2645 379 2705 summe,
391 2637 494 2707 potero
507 2627 631 2689 iortame
646 2631 753 2708 scripta
766 2639 814 2690 tuo
834 2632 924 2708 magis
947 2631 1069 2709 probare
1090 2629 1214 2705 laudare,

218 2720 321 2787 quanto
335 2709 383 2770 illa
396 2711 502 2773 tardius
518 2713 699 2790 cautiusque,
720 2713 772 2773 sed
789 2715 882 2792 ipsum
897 2722 927 2773 te
944 2715 1035 2792 magis
1048 2713 1147 2774 amabo
1160 2731 1214 2773 rnu-

216 2794 321 2872 gisque
336 2793 467 2871 laudabo,
484 2805 588 2873 quanto
605 2795 729 2858 celerius
743 2805 771 2856 et
785 2799 924 2858 incautius
939 2798 1061 2858 miseris.
1091 2795 1172 2857 Vale.

699 2929 734 2988 v·
1221 2881 1250 2935 30

500 3026 528 3082 (l.
547 3027 673 3080 PLINIUS
690 3028 811 3080 GEMINO
828 3027 888 3080 SUO
906 3027 933 3082 S.

193 3142 206 3192 1
281 3125 373 3190 Grave
387 3128 489 3191 uulnus
504 3128 645 3194 Macrinus
658 3142 759 3193 noster
773 3133 895 3210 accepit.
918 3131 1020 3192 Amisit
1031 3147 1150 3191 uxorem
1160 3132 1214 3191 sin·

217 3210 322 3287 guluris
338 3213 478 3292 exempli,
500 3213 584 3274 etiam
598 3217 624 3276 si
638 3214 705 3275 olim
718 3215 830 3276 luisset.
859 3215 937 3276 Vixit
955 3233 1018 3276 eum
1031 3214 1086 3275 ltro
1102 3215 1212 3291 triginta

215 3311 320 3354 novem
333 3298 412 3356 aunis
428 3299 490 3357 sine
504 3299 612 3375 iurgio,
636 3300 697 3358 sine
712 3299 832 3359 offensa.
862 3297 952 3372 Quam
966 3297 1014 3359 illa
1028 3297 1249 3358 reverentiamdt

216 3379 315 3436 marito
331 3396 384 3440 suo
399 3382 549 3458 praestitit,
566 3383 702 3460 cumipse
714 3399 847 3442 summam
858 3381 1028 3443 mereretur!
1045 3391 1114 3460 quot
1131 3396 1212 3460 qnan-

216 3469 318 3539 tasque
337 3463 456 3523 virtutes
477 3481 514 3522 ex
535 3463 654 3524 diversis
676 3466 815 3526 aetatibus
836 3475 962 3542 sumptus
983 3464 1102 3542 collegit
1124 3473 1152 3524 et
1164 3462 1212 3518 mi·

190 3545 304 3604 tecuit!
323 3542 416 3606 Habet
435 3545 549 3622 quidem
568 3544 711 3608 Macrinus
731 3549 837 3625 grande
860 3547 996 3609 solacium
1016 3546 1093 3627 quod
1112 3554 1211 3608 tautum
