2614 4104
221 285 285 348 aco
647 283 798 346 crura
1038 325 1058 363 ,

223 459 274 521 par
290 437 421 518 capiendi
436 437 648 518 quaerendique
667 437 754 498 sudor
770 455 952 516 summusque
967 448 997 500 et
1010 438 1085 499 idem
1100 440 1232 518 musai-

223 542 285 586 mus
300 519 381 584 labor
395 524 533 583 invenire.
555 521 727 600 Enimvero,
743 522 767 582 si
784 522 895 600 quando
909 522 1016 601 placuit
1030 523 1106 583 idem
1121 541 1230 602 corpo-

223 611 263 670 ris
283 609 371 668 robur
390 608 420 666 in
438 607 523 665 maria
541 606 691 684 prolerre,
707 623 764 666 non
778 605 828 665 ille
845 606 981 666 fluitantia
995 606 1060 666 vela
1071 617 1120 668 ant
1135 607 1231 668 oculis

223 693 353 771 sequitur
372 699 420 750 aut
439 691 584 767 manibus,
611 690 664 750 sed
684 707 759 749 nunc
778 689 981 767 gubernaculis
997 689 1125 770 adsidet,
1151 710 1232 751 nune

224 793 288 835 oum
299 773 493 834 valentissimo
506 789 621 852 quoque
636 772 774 834 sodalium
789 783 879 833 certat
894 773 1026 850 frangere
1044 773 1161 851 lluetus,
1179 774 1259 835 do·5

223 861 322 919 mitare
339 866 443 918 ventos
464 855 640 917 reluctantes
655 858 798 936 remisque
812 856 968 917 transsilire
984 858 1123 918 obstantia
1138 858 1229 919 freta:

172 953 213 1016 82
225 951 358 1021 quantam
379 939 523 1000 dissimilis
543 939 585 1000 illi
606 940 654 1018 qui
674 958 731 1000 non
750 939 852 1000 Albani
872 939 952 1000 lacus
972 941 1057 1000 otium
1072 941 1230 1020 Baianique

224 1036 369 1104 torporem
390 1032 419 1083 et
438 1023 581 1084 silentium
598 1023 691 1101 ferre,
715 1041 771 1084 non
786 1023 899 1103 pulsum
913 1023 1014 1084 saltem
1025 1024 1229 1104 fragoremque

222 1125 363 1170 remorum
377 1109 490 1187 perpeti
506 1116 619 1187 poterat
631 1109 697 1186 quin
708 1107 743 1168 ad
757 1107 885 1184 singulos
899 1109 973 1168 ictus
987 1110 1062 1186 turpi
1076 1108 1229 1168 tormidine

222 1189 422 1254 horresceret!
449 1191 551 1271 ltaque
564 1191 666 1271 procul
683 1193 718 1252 ab
733 1192 808 1251 omni
823 1208 895 1252 sono
910 1193 1098 1252 inconcussus
1115 1194 1181 1272 ipse
1197 1201 1272 1256 etto

222 1279 362 1353 inmotus,
377 1274 499 1353 religato
516 1277 704 1354 revinethue
717 1275 847 1352 navigio,
863 1292 920 1335 non
934 1292 1021 1336 secus
1035 1292 1070 1334 ac
1083 1275 1230 1354 piaculum

223 1358 338 1439 aliquod
351 1357 524 1420 trahebatur.
545 1358 641 1420 Foeda
655 1359 763 1437 iacies,
780 1375 843 1418 cum
858 1359 960 1438 populi
973 1357 1090 1418 Romani
1104 1361 1228 1438 impera·

222 1453 269 1504 tor
288 1443 409 1504 alienum
431 1461 543 1502 cursum
564 1441 744 1522 alienumque
761 1452 921 1519 rectorem,
946 1441 1026 1502 velut
1043 1451 1226 1522 captumve,

223 1534 403 1604 sequeretur.
431 1524 495 1586 Nec
515 1525 695 1587 deformitate
711 1528 764 1587 ista
778 1526 880 1588 saltem
894 1527 1006 1586 llumina
1020 1527 1172 1595 carebant;
1186 1536 1230 1586 at·

221 1608 1053 1772 ttrittdttttinlititittttllltttt*
1063 1609 1229 1773 itatis
1240 1620 1272 1674 ¹⁵

510 1739 519 1772 ἱ
1037 1740 1046 1772 l

222 1778 365 1839 Romanae
379 1777 508 1857 aquilae,
524 1776 648 1837 Romana
663 1778 760 1854 signa,
773 1777 900 1838 Romana
911 1777 1033 1856 denique
1049 1779 1126 1856 ripa,
1142 1795 1228 1855 qnam

223 1859 299 1940 quod
314 1861 437 1922 bostium
450 1869 668 1940 prospectaret,
689 1861 828 1938 bostium,
844 1863 946 1939 quibas
961 1862 1047 1919 moris
1065 1871 1110 1921 est
1125 1860 1229 1920 eadem

221 1945 270 2005 illa
286 1963 360 2004 nunc
372 1947 491 2022 rigentia
505 1944 573 2022 gelu
588 1945 700 2004 llumina
714 1954 762 2004 aut
774 1946 881 2024 campis
896 1944 1046 2024 superfusa
1056 1962 1132 2005 nunc
1142 1942 1228 2022 liqui-

222 2027 257 2086 da
272 2046 306 2087 ac
323 2027 479 2088 deferentia
492 2027 612 2089 lustrare
622 2030 741 2106 navigiis
753 2028 903 2107 nandoque
914 2045 1061 2106 superare.
1079 2025 1143 2087 Nee
1153 2037 1273 2090 veruto

220 2109 393 2170 laudaverim
409 2128 464 2188 per
482 2129 516 2171 ae
535 2129 638 2188 magno
654 2129 744 2191 opere
761 2111 888 2172 duritiam
904 2113 1033 2189 corporis
1047 2128 1082 2173 ae
1101 2110 1228 2171 lacerto·

221 2211 297 2253 ram:
316 2192 368 2254 sed
390 2196 415 2254 si
430 2193 473 2254 bis
487 2193 608 2254 validior
621 2205 683 2256 toto
699 2213 824 2274 corpore
838 2197 945 2256 animus
962 2195 1124 2274 imperitet,
1140 2212 1227 2272 quem

221 2295 279 2338 non
294 2278 425 2338 icaunae
438 2276 612 2356 indulgentia
625 2278 750 2357 molliat,
765 2296 821 2339 non
834 2280 936 2358 copiae
948 2275 1122 2357 principales
1133 2278 1168 2338 ad
1178 2297 1227 2338 se·

221 2363 338 2440 gnitiem
359 2361 514 2441 laxumque
534 2361 737 2441 detorqueant,
762 2372 830 2424 tunc
846 2380 919 2440 ego,
947 2381 1000 2423 seu
1015 2363 1158 2423 montibus
1173 2379 1228 2421 sea

221 2448 290 2506 mari
306 2454 491 2524 exerceatur,
513 2456 543 2506 et
557 2445 660 2506 laetum
676 2463 765 2526 opere
780 2464 887 2525 corpus
904 2456 933 2506 et
948 2447 1106 2506 crescentia
1121 2445 1271 2508 labori-25

221 2530 275 2591 bus
296 2531 421 2591 membra
437 2530 568 2610 mirabor.
599 2528 690 2590 Video
706 2532 780 2590 enim
796 2533 849 2591 iam
864 2529 928 2590 inde
942 2531 1093 2608 antiquitus
1108 2530 1227 2588 maritos

221 2614 335 2674 dearum
355 2631 390 2674 ac
411 2612 529 2673 deorum
543 2612 651 2674 liberos
738 2632 793 2675 nec
808 2613 946 2691 dignitate
961 2614 1120 2692 nuptiarum
1134 2614 1226 2690 magis

222 2714 303 2775 quam
320 2696 363 2757 bis
377 2697 483 2758 artibus
497 2696 675 2759 inclaruisse.
695 2697 782 2756 Simul
800 2700 908 2776 cogito,
924 2715 988 2756 cum
1002 2699 1063 2756 sint
1072 2699 1126 2756 ista
1140 2696 1226 2756 ludus

221 2788 251 2839 et
265 2791 478 2841 avocamentum
497 2780 596 2857 buius,
687 2781 754 2842 illae
768 2783 862 2842 seriae
881 2791 910 2842 et
925 2783 1065 2856 intentae,
1088 2789 1119 2840 et
1133 2799 1148 2839 a
1164 2781 1226 2858 qui·

220 2861 275 2922 bus
289 2879 322 2921 se
337 2863 364 2920 in
377 2862 434 2924 tale
446 2866 533 2924 otium
547 2867 658 2943 recipit.
679 2863 850 2943 Voluptates
864 2874 930 2925 sunt
944 2865 1033 2941 enim,
1049 2864 1224 2943 voluptates,
1233 2875 1272 2928 30

221 2945 323 3025 quibus
337 2947 444 3023 optime
458 2947 494 3007 de
503 2949 642 3027 cuiusque
654 2950 792 3026 gravitate
806 2949 955 3010 sanctitate
968 2948 1225 3026 temperantiacre·

221 3029 303 3090 ditur.
326 3026 396 3089 Nam
414 3032 477 3108 quis
493 3031 565 3091 adeo
581 3032 737 3093 dissolutus
754 3035 833 3093 cuius
847 3049 906 3092 non
921 3031 1160 3110 occupationibus
1174 3029 1226 3089 ali·

221 3133 276 3194 qua
291 3115 406 3194 species
422 3116 582 3176 severitatis
597 3111 736 3177 insideat?
752 3114 817 3176 0tio
830 3115 984 3193 prodimur.
1005 3116 1050 3174 An
1063 3133 1120 3174 non
1137 3112 1226 3193 pleri-

221 3216 277 3278 que
292 3199 437 3278 principes
456 3197 512 3259 boc
526 3198 601 3259 idem
618 3208 730 3279 tempus
751 3201 779 3258 in
794 3199 885 3260 aleam
900 3209 996 3278 stupra
1012 3198 1109 3258 luxum
1126 3197 1226 3258 conle-

220 3283 337 3358 rebant,
367 3301 430 3342 cum
456 3283 592 3343 seriarum
620 3282 776 3357 laxamenta
803 3301 932 3344 curarum
953 3284 1084 3342 vitiorum
1105 3292 1270 3346 conten-et

168 3368 210 3429 83
222 3365 299 3426 done
314 3363 502 3444 supplerent?
523 3365 616 3427 llabet
629 3364 684 3426 boc
699 3368 817 3445 primum
828 3385 927 3445 magna
939 3366 1049 3427 fortuna
1064 3365 1141 3443 quod
1156 3363 1224 3424 nibil

221 3457 344 3524 tectum,
359 3447 427 3507 nibil
442 3448 585 3509 occultum
596 3467 664 3510 esse
676 3453 794 3526 patitur:
810 3453 968 3529 principum
982 3467 1052 3510 vero
1068 3467 1124 3509 non
1139 3448 1226 3508 modo

221 3528 320 3589 domos
338 3531 391 3591 sed
413 3530 542 3592 cubicula
556 3535 619 3610 ipsa
635 3533 806 3612 intimosque
826 3551 963 3595 secessus
979 3532 1102 3594 recludit
1119 3533 1226 3594 omnia·
