2616 4096
202 287 264 352 176
623 280 656 343 (l.
679 278 777 342 PLlNl

201 439 362 517 stringebat
385 436 554 515 plerumque
577 433 686 513 frigidis
713 433 855 511 negotiis,
884 449 958 510 quae
978 429 1062 491 simul
1084 438 1114 490 et
1139 447 1208 492 avo·

173 533 267 586 beant
282 526 401 585 animum
416 530 446 582 et
460 521 659 579 comminuunt.
680 517 831 577 Praeterea
845 533 900 575 nec
915 514 1031 575 materia
1041 513 1123 593 plura
1137 517 1209 574 scri·
1303 551 1304 560 r

202 608 289 670 beudi
310 607 436 667 dabatur.
468 601 570 681 Neque
593 603 667 661 enim
682 599 791 661 eadem
811 608 907 660 nostra
928 598 1052 658 conditio
1074 615 1147 676 quae
1168 596 1208 658 ll.

202 691 295 770 Tulli,
316 690 351 750 ad
369 691 449 749 cuius
464 684 626 764 exemplum
641 701 694 745 nos
712 702 811 745 vocas.
843 682 888 742 llli
907 684 981 742 enim
995 690 1023 741 et
1040 683 1210 760 copiosissi-

202 793 277 836 mum
296 774 438 853 ingenium
459 779 488 831 et
505 771 620 847 ingenio
643 786 697 846 qua
717 769 839 828 varietas
859 785 954 826 rerum
973 783 1029 845 qua
1042 765 1231 842 magnitudos

174 861 361 937 alngtsstme
378 853 559 934 suppetebat.
587 851 648 913 Nos
663 870 746 930 quarn
760 852 887 928 angustis
902 851 1027 909 terminis
1045 848 1210 911 claudamur

204 945 286 1002 etiam
306 949 419 1001 tacente
440 956 486 997 me
509 938 669 1016 perspicis,
693 937 747 996 nisi
767 935 842 994 iortc
863 933 994 994 volumus
1016 930 1208 994 scholasticas

175 1025 253 1087 btibi
267 1023 371 1103 adque,
386 1031 416 1082 ut
430 1024 468 1083 ita
481 1022 583 1098 dicam,
598 1019 769 1080 umbraticas
782 1018 892 1078 litteras
907 1019 1027 1077 mittere.
1061 1014 1121 1076 Sed
1136 1016 1208 1076 nihil
1303 1015 1304 1040 ³

201 1111 292 1169 minus
308 1117 404 1187 aptum
418 1106 598 1182 arbitramur,
621 1121 685 1163 cum
703 1120 779 1163 arma
793 1112 905 1179 vestra,
928 1118 992 1161 cum
1007 1110 1116 1175 castra,
1142 1118 1209 1160 cnm

176 1193 324 1271 bdenique
341 1207 447 1250 cornua
461 1189 544 1249 tubas
558 1187 691 1248 sudorem
702 1186 851 1266 pulverem
863 1185 943 1246 soles
954 1185 1126 1269 cogitamus.
1151 1183 1208 1243 lla·
1217 1192 1247 1245 lo

200 1277 266 1354 bes,
282 1286 313 1336 ut
327 1284 413 1354 puto,
429 1276 530 1334 iustam
544 1273 774 1347 excusationem,
791 1287 873 1348 quam
884 1279 977 1330 amen
991 1266 1089 1328 dubito
1105 1285 1141 1326 an
1156 1268 1209 1328 tibi

200 1360 314 1439 probari
330 1358 426 1418 velim.
457 1356 510 1418 Est
531 1357 606 1417 enim
627 1355 726 1416 summi
741 1355 844 1414 amoris
865 1370 971 1432 negare
985 1351 1096 1411 veniam
1112 1351 1209 1412 brevi·

200 1445 255 1504 bus
273 1441 404 1521 epistulis
421 1443 591 1518 amicorum,
607 1439 734 1518 quamvis
748 1439 823 1498 scias
837 1435 894 1496 illis
911 1447 1041 1496 constare
1056 1437 1206 1495 rationem.

198 1525 278 1586 Vale.

679 1649 729 1710 lll.
1216 1656 1245 1708 15

478 1751 505 1804 G.
523 1749 647 1802 PLINIUS
664 1749 804 1802 PAULINO
822 1748 882 1801 SUO
899 1749 926 1803 S.

176 1872 191 1923 1
264 1854 346 1914 Alius
366 1853 459 1930 aliud,
479 1870 535 1930 ego
553 1853 747 1914 beatissimum
766 1852 897 1913 existimo
917 1853 965 1930 qui
986 1851 1078 1912 bonae
1092 1868 1206 1912 mansu·

201 1955 308 2016 raeque
326 1937 416 1997 famae
438 1939 669 2015 praesumptione
683 1936 837 2015 perfruitur
857 1945 1011 2017 certusque
1026 1936 1206 2016 posteritatis

202 2039 266 2082 cum
279 2020 371 2080 lutura
382 2018 473 2097 gloria
487 2021 565 2079 vivit.
589 2019 633 2080 Ac
646 2020 714 2079 mihi
725 2021 778 2080 nisi
788 2020 943 2100 praemium
953 2023 1127 2082 aeternitatis
1138 2030 1206 2082 ante

173 2102 321 2180 asculus,
347 2104 453 2182 pingue
473 2102 543 2163 illud
564 2103 706 2183 altumque
721 2106 809 2164 otium
823 2103 945 2181 placeat.
976 2103 1090 2166 Etenim
1103 2109 1245 2165 omnesbtt

201 2187 329 2247 homines
345 2186 466 2246 arbitror
482 2197 617 2265 oportere
631 2197 678 2248 eut
689 2187 915 2249 inmortalitatem
929 2207 1007 2248 suam
1020 2198 1068 2248 aut
1077 2188 1207 2249 monali-

200 2280 286 2332 tatem
299 2273 438 2348 cogitare,
455 2279 484 2331 et
495 2270 561 2333 illos
574 2271 686 2350 quidem
698 2272 872 2332 contendere
888 2274 967 2349 eniti,
983 2272 1036 2333 hos
1051 2274 1207 2350 quiescere

200 2355 305 2416 remitti
319 2373 376 2416 nec
390 2355 508 2415 brevem
521 2358 607 2416 vitam
624 2355 738 2416 caducis
753 2353 897 2417 laboribus
912 2356 1049 2434 fatigare,
1071 2367 1102 2416 ut
1117 2354 1206 2415 video
1301 2347 1302 2360 ¹

200 2439 305 2499 multoe
319 2441 421 2500 misera
435 2438 518 2500 simul
539 2449 568 2500 et
588 2441 697 2518 ingrata
711 2440 832 2517 imagine
847 2439 1000 2502 industriae
1016 2439 1052 2500 ad
1065 2439 1207 2500 vilitatem

174 2525 245 2588 esui
261 2525 422 2602 pervenire.
442 2521 523 2582 llaec
538 2540 595 2601 ego
606 2532 718 2599 tecum,
736 2540 809 2601 quae
824 2523 929 2584 cotidie
944 2540 1066 2600 mecum,
1082 2532 1113 2583 ut
1126 2521 1242 2585 desi-tt

200 2623 263 2666 nam
274 2624 397 2683 mecum,
414 2608 439 2667 si
455 2606 608 2667 dissenties
622 2615 668 2675 tu;
683 2624 849 2686 quamquam
860 2624 917 2668 non
928 2607 1092 2683 dissenties,
1110 2609 1205 2686 utqui
1300 2641 1301 2644 =

199 2706 316 2768 semper
333 2689 438 2750 clarum
450 2689 554 2769 aliquid
568 2699 598 2750 et
612 2688 760 2750 inmortale
775 2689 923 2753 meditere.
941 2690 1023 2750 Vale.

663 2822 728 2884 1111.

470 2922 498 2976 o.
517 2922 641 2975 snmus
659 2923 803 2975 uncnnuo
822 2921 882 2974 suo
902 2923 930 2976 s,
1209 2944 1243 2997 30

172 3034 188 3088 1
258 3020 384 3082 Vererer
404 3041 442 3084 ne
461 3024 627 3086 inmodicam
647 3027 803 3086 orationem
824 3032 940 3104 putares
960 3041 1043 3103 quam
1065 3041 1129 3084 cum
1147 3023 1203 3084 bac

199 3104 321 3185 epistula
340 3108 482 3186 accipies,
511 3111 565 3170 nisi
585 3118 665 3170 esset
681 3109 797 3188 generis
815 3110 878 3170 eius
899 3118 931 3168 ut
949 3125 1038 3186 saepe
1061 3108 1201 3188 incipere,

198 3207 289 3269 saepe
303 3189 436 3252 desinere
449 3191 587 3252 uideatur.
607 3192 678 3253 Nem
689 3193 810 3272 singulis
823 3192 985 3253 criminibus
999 3190 1128 3270 singulae
1139 3190 1202 3252 vel·

168 3283 227 3341 2ut
248 3291 351 3334 causae
372 3279 561 3337 continentur.
593 3276 704 3337 Poteris
724 3294 813 3354 ergo,
832 3275 1032 3355 undecumque
1054 3277 1200 3354 coeperis,

196 3356 369 3436 ubicumque
389 3358 525 3438 desieris,
552 3379 625 3440 quae
647 3360 784 3440 deinceps
805 3369 961 3439 sequentur
980 3369 1009 3422 et
1030 3359 1241 3438 meminebat

196 3443 303 3519 pientia
316 3441 417 3520 legere
432 3453 462 3504 et
480 3445 560 3522 quasi
578 3443 760 3504 cohaerentia
773 3461 877 3522 meque
895 3446 923 3503 in
939 3445 1123 3505 universitate
1137 3441 1200 3504 lon·

196 3523 354 3602 pissimum,
369 3526 564 3586 breuissimum
578 3529 606 3585 in
621 3527 748 3604 partibus
758 3527 893 3588 iudicare.
922 3527 1003 3589 Vale.
