2632 4096
325 285 588 350 EPISTULARUM
601 287 652 348 111.
676 297 718 351 13.
736 296 778 351 14.
792 300 834 352 15.
1040 289 1083 354 59

88 440 243 518 timentum,
259 449 288 502 ut
305 441 503 520 experirentur
516 458 551 499 an
566 441 687 500 viveret.
708 437 774 516 Ille,
790 440 853 500 sive
869 441 934 518 quia
948 459 1005 501 non
1016 459 1081 502 seu·

88 523 179 601 tiebat,
195 525 255 584 sive
270 525 334 604 quia
349 542 382 584 se
398 541 456 583 non
471 526 578 585 sentire
592 523 756 600 simulabat,
772 523 922 584 immobilis
937 532 967 583 et
982 534 1081 586 exton-

88 617 129 667 tus
149 607 229 667 iidem
249 618 384 688 peractae
403 609 502 668 mortis
522 606 658 686 implerit.
687 604 758 665 Tum
777 607 888 666 demam
904 609 983 685 qnasi
998 617 1105 670 aestuo

88 690 190 751 solutus
211 692 343 768 effertur,
366 693 512 770 excipiunt
534 692 611 752 servi
633 689 796 768 fideliores,
819 691 994 751 concubinae
1017 710 1080 753 cum

67 773 186 840 salulatu
200 783 230 836 et
251 775 374 836 clamore
390 784 569 835 concmrunt.
596 772 639 835 Ita
655 784 684 836 et
699 775 820 834 vocibus
835 776 975 836 excitatus
991 783 1021 834 et
1034 793 1079 834 re-

87 867 190 919 creatus
210 858 268 919 loci
290 860 397 936 frigore
420 858 540 918 sublatis
555 857 646 918 oculis
662 860 826 937 agitatoque
844 877 966 938 corpore
980 861 1079 919 vivere

87 961 131 1020 se,
152 952 181 1003 et
201 945 255 1004 iam
275 951 363 1002 tutum
384 951 460 1019 erat,
477 942 636 1002 confitetur.
671 942 828 1019 Diffugiunt
843 946 934 1012 servi;
961 951 1105 1020 quomrul

86 1041 176 1103 magna
189 1045 256 1106 pars
272 1027 468 1106 conprehensa
483 1036 545 1103 est,
568 1027 657 1086 ceteri
677 1029 865 1105 requiruntur.
896 1026 963 1105 lpse
980 1029 1079 1106 paucis

87 1107 178 1170 diebus
196 1128 285 1188 aegre
307 1109 437 1170 focilatus
459 1127 516 1169 nou
537 1112 598 1171 sinc
619 1109 734 1170 ultionis
755 1109 864 1170 solacio
880 1111 1024 1189 decessit,
1041 1113 1080 1171 ita

53 1194 161 1252 lovinus
175 1194 332 1255 vindicatus
347 1202 378 1252 ut
391 1195 480 1255 occisi
501 1193 604 1254 solent.
635 1193 723 1254 Vides
745 1203 813 1272 quot
833 1193 988 1272 periculis,
1010 1201 1105 1273 quoto

87 1277 273 1354 contumeliis,
297 1288 366 1356 quot
381 1276 508 1337 ludibriis
524 1279 610 1337 simus
627 1278 758 1346 obnoxii;
780 1295 835 1336 nec
851 1277 987 1356 estquod
1001 1279 1079 1356 quis·

87 1377 160 1437 quana
171 1363 264 1441 possit
275 1379 342 1424 esse
353 1379 492 1439 securus,
513 1362 578 1441 quia
590 1361 627 1421 sit
640 1363 777 1421 remissus
791 1370 821 1421 et
835 1363 923 1421 mitis:
938 1363 1080 1421 nonenim

85 1443 180 1505 iudicio
199 1446 303 1506 domini
317 1445 370 1507 sed
385 1444 499 1506 scelere
513 1446 695 1522 perimuntur.
725 1444 830 1504 chm
843 1445 916 1505 baec
932 1444 1078 1507 hactenus.

87 1525 317 1609 Quidpraeterea
335 1531 422 1590 novit
444 1526 531 1607 quid?
552 1528 634 1597 nihil;
657 1527 763 1607 alioqui
778 1525 993 1606 subiungercm:
1016 1539 1106 1593 namo

51 1621 79 1672 15
88 1619 114 1669 et
125 1612 216 1674 charta
230 1613 323 1674 adhuc
338 1623 470 1692 superest
485 1623 514 1674 et
529 1612 591 1673 dies
607 1613 723 1674 feriatus
739 1615 842 1692 patitur
856 1613 938 1692 plura
954 1615 1077 1673 contexi.

85 1693 183 1757 llddmn
194 1697 273 1777 qnod
285 1706 445 1777 opportuna
458 1695 495 1756 de
509 1696 611 1756 eodem
624 1695 781 1757 Macedone
798 1700 948 1758 succurrit.
965 1695 1036 1757 Cum
1050 1697 1079 1754 in

86 1779 193 1854 publico
209 1782 317 1842 Romae
331 1781 487 1855 lavaretur,
509 1779 642 1840 notabilis
657 1789 743 1858 atque
759 1783 857 1859 etiarn,
873 1790 904 1840 ut
920 1781 1012 1841 exitus
1028 1779 1078 1838 do·

86 1865 153 1941 cuit,
179 1867 307 1927 ominosa
327 1883 375 1926 nes
396 1865 508 1924 accidit.
541 1863 641 1942 Eques
661 1863 804 1924 Romanus
824 1883 841 1924 a
862 1881 946 1924 servo
969 1865 1030 1924 cius
1047 1872 1101 1928 ut‘l

86 1951 220 2009 transitum
240 1948 321 2010 daret
340 1965 423 2009 manu
444 1947 547 2008 leviter
565 1946 724 2008 admonitus
745 1951 886 2009 convertit
899 1967 934 2016 se
948 1966 1003 2008 nec
1017 1965 1078 2007 ser·

51 2031 145 2090 lbunm
162 2049 178 2092 a
197 2049 255 2112 quo
276 2043 336 2094 erat
356 2039 465 2110 tactus,
488 2033 540 2092 sed
559 2033 652 2110 ipsum
670 2030 856 2093 Macedonem
876 2043 933 2093 tam
952 2033 1078 2110 graviter

86 2113 167 2192 palma
182 2119 326 2196 percussit
342 2125 373 2176 ut
393 2134 485 2195 paene
507 2114 684 2176 concideret.
717 2115 759 2176 lta
779 2116 920 2177 balineum
941 2115 982 2175 illi
998 2117 1105 2194 quasi8

86 2214 133 2338 per
150 2201 253 2278 gradus
274 2201 410 2280 quosdam
420 2201 549 2278 primurn
563 2199 750 2261 contumeliae
764 2199 858 2278 locus,
879 2199 981 2260 deinde
998 2201 1077 2259 exitii

97 2283 139 2342 uit.
165 2284 245 2345 Vale.

545 2415 608 2478 XV.

53 2451 80 2506 ²⁵
301 2517 330 2570 c.
345 2517 471 2571 rururus
487 2517 568 2570 suro
584 2517 731 2570 unocuno
747 2515 807 2567 suo
824 2515 851 2565 a.

142 2620 216 2682 l’etis
236 2632 267 2683 ut
281 2621 396 2684 libellos
411 2633 476 2684 tuos
490 2623 519 2682 in
533 2639 654 2682 seccssa
667 2621 779 2697 legam,
797 2618 954 2678 examinem
969 2634 1003 2676 au
1019 2614 1100 2680 edi-1

88 2702 157 2764 tione
176 2707 232 2766 sint
254 2704 347 2785 digni,
369 2704 487 2767 adhibes
511 2723 632 2784 preces,
654 2703 770 2781 adlegas
792 2700 969 2780 exemplum
988 2717 1076 2777 rogas

90 2788 154 2845 eninr
167 2799 197 2850 ut
217 2788 322 2868 aliquid
343 2789 478 2850 subsicivi
492 2791 629 2868 temporis
644 2787 744 2848 studiis
757 2789 828 2847 meis
843 2785 1019 2862 subtraham,
1035 2787 1076 2844 in·

56 2873 197 2944 sapentiam
211 2875 284 2951 tuis,
307 2872 395 2935 adicis
416 2871 454 2932 bl.
471 2870 591 2932 Tulliam
604 2873 674 2932 mira
688 2872 860 2950 benignitate
874 2875 1023 2949 poetarum
1035 2871 1077 2928 in·

88 2957 162 3027 genia
175 2957 293 3019 fovisse.
316 2955 375 3016 Sed
390 2973 446 3034 ego
460 2974 516 3016 nec
530 2954 673 3034 rogandus
688 2973 750 3015 snm
764 2973 819 3014 nec
830 2953 998 3015 hortandus:
1012 2962 1102 3012 namn

89 3044 114 3094 ct
127 3042 255 3115 poeticen
275 3042 366 3118 ipsarn
387 3039 604 3118 religiosissime
617 3057 742 3100 veneror
756 3047 786 3100 et
800 3047 830 3098 te
845 3038 1020 3098 validissime
1035 3035 1076 3096 di-

89 3114 148 3195 ligo.
178 3122 290 3185 Faciam
310 3141 381 3202 ergo
398 3124 473 3204 quod
489 3123 634 3184 desideras
648 3133 704 3184 tam
719 3122 873 3201 diligenter
888 3139 970 3200 quam
984 3119 1076 3180 liben-

90 3207 135 3262 lcn.
164 3205 270 3268 Videor
288 3217 383 3268 autem
403 3211 457 3268 iam
470 3226 546 3268 nunc
562 3225 651 3285 posse
665 3208 828 3270 rescribere
844 3224 911 3266 esse
926 3221 999 3283 opus
1013 3201 1101 3282 pul-3

57 3283 178 3349 malma
196 3309 249 3352 nec
270 3291 518 3371 supprimendum,
546 3301 679 3369 quantum
704 3292 854 3352 aestimare
874 3289 953 3349 licuit
974 3305 1012 3347 ex
1031 3287 1076 3346 bis

91 3385 210 3445 quaene
225 3384 376 3454 praesente
390 3377 527 3452 recitasti,
543 3377 568 3436 si
582 3376 668 3436 modo
683 3375 749 3435 mihi
763 3392 820 3434 non
834 3373 959 3450 inposuit
973 3373 1076 3430 recita·

89 3451 124 3510 tio
142 3463 199 3518 tna:
218 3459 294 3538 legis
316 3461 390 3519 enim
411 3461 577 3519 suavissimo
592 3468 622 3518 et
636 3459 817 3538 peritissime.
849 3453 968 3517 confido
983 3463 1076 3514 amen

90 3547 130 3594 rue
148 3557 200 3601 non
219 3545 261 3603 sic
280 3543 394 3602 auribus
416 3542 482 3604 duci
502 3553 533 3606 nt
555 3559 654 3603 omnes
674 3541 768 3601 aculei
787 3538 883 3601 iudicii
896 3541 953 3599 mei
967 3537 1076 3598 illarum
