2632 4102
381 305 647 367 EPISTULARUM
662 305 686 368 1.
707 316 734 370 9.
749 318 793 371 10.
1068 309 1090 369 9

84 462 142 534 trs,
154 475 238 520 varur
253 466 467 537 ,seoretumque
478 466 648 539 posterior,
661 458 838 538 quammulta
850 459 994 537 invenitis,
1007 479 1089 539 quam

83 541 172 603 multa
186 541 312 604 diemtisl
334 541 458 604 Proinde
472 551 502 602 to
516 560 633 622 quoqne
650 546 801 622 strepitum
820 545 905 603 istum
919 545 1111 623 inanemqoet

85 627 246 688 discursum
261 634 292 686 et
306 625 425 686 multum
439 626 555 705 ineptos
569 626 703 705 labores,
719 636 751 687 ut
768 629 888 705 primum
902 626 989 687 luerit
1003 644 1088 688 oooa·

84 712 147 787 sio,
163 709 295 788 relinque
310 719 397 790 taqua
415 709 515 772 studiis
530 710 579 771 uel
597 713 657 771 otio
672 711 762 771 trude.
784 711 880 772 Satius
897 713 1044 789 estasim,
1059 721 1115 780 uto

63 793 191 856 titilius
205 803 306 856 noster
319 793 513 856 eruditissime
527 794 613 856 simol
630 803 661 855 et
671 794 847 856 iaeatimime
864 794 946 872 dixit,
964 796 1090 856 otiosum

85 895 153 942 esse
169 894 253 957 qoam
267 876 337 938 nihil
351 895 450 956 apere.
480 877 562 939 Vale.

290 1109 317 1165 G.
336 1110 462 1164 PLINIUS
477 1013 760 1164 ATTngGLEMENTI
778 1107 839 1162 SUO
858 1108 885 1164 S.

47 1225 76 1276 itt
145 1214 179 1274 Si
197 1211 309 1292 quando
323 1213 392 1274 urbs
408 1223 506 1276 nostra
519 1213 687 1276 liberalibus
701 1212 803 1274 studiis
817 1210 925 1290 floruit,
941 1223 1112 1275 sarona-1

81 1299 159 1358 xime
181 1297 277 1358 lieret.
309 1295 399 1358 blulta
420 1297 552 1377 claraque
572 1297 705 1376 exempla
725 1305 806 1364 sunt;
828 1296 978 1356 sufficeret
993 1307 1114 1374 nnum‚i

83 1381 248 1460 Euphrates
269 1380 470 1460 philosophus.
491 1381 574 1442 Hono
597 1399 656 1460 ego
677 1383 706 1442 is
725 1381 827 1456 Syria,
843 1397 908 1440 oum
921 1377 1091 1440 adnleseen-

82 1465 160 1527 tulus
174 1464 337 1541 militarem,
354 1467 472 1543 penitus
487 1475 517 1526 et
531 1465 606 1526 dorni
621 1465 735 1546 inspexi
748 1465 893 1542 amarique
909 1463 945 1524 ab
960 1479 998 1523 eo
1011 1462 1090 1523 labo-

84 1551 154 1627 ravi,
169 1550 229 1612 etsi
242 1566 300 1610 uon
315 1557 377 1609 erat
394 1547 587 1610 laborandum.
616 1549 672 1612 list
687 1550 763 1610 enim
776 1548 879 1610 obsim
893 1557 923 1608 et
938 1549 1090 1626 expositus

48 1633 249 1712 15plenusque
264 1632 437 1696 humanitate
451 1649 535 1714 mam
550 1636 703 1713 praecipit.
732 1632 829 1711 Atque
843 1633 950 1693 atinam
966 1633 1008 1693 sio
1024 1633 1114 1710 ipse3

86 1715 534 1862 dilatabitur-‘illiti
548 1720 684 1880 “titi
702 1715 1090 1877 illibatis-llll·

527 1847 533 1860 ·
1080 1843 1090 1874 a

86 1886 151 1962 quia
167 1886 261 1961 magis
279 1883 429 1962 intellego.
465 1883 639 1965 Quamquam
653 1903 691 1946 ue
704 1902 780 1944 nuno
794 1882 909 1962 quidem
925 1884 993 1944 satis
1008 1882 1092 1943 intel·

87 1966 163 2046 lego.
187 1967 226 2028 Ut
239 1968 314 2028 enim
328 1966 365 2028 de
382 1969 493 2046 piotore
504 1969 650 2048 scalptore
661 1969 762 2030 fictore
772 1969 828 2029 nisi
839 1966 942 2028 artiieu
951 1966 1116 2043 iudicaret

50 2053 124 2118 atita
138 2053 198 2114 nisi
222 2053 338 2130 sapiens
359 2068 417 2114 non
437 2062 536 2130 potest
556 2055 727 2132 perspicere
746 2053 915 2131 sapientem.
947 2050 1114 2124 Quantums

88 2144 181 2197 amen
198 2135 265 2196 mihi
288 2153 408 2196 eernere
427 2135 526 2215 datur,
546 2136 634 2198 molta
656 2139 685 2197 in
699 2135 846 2215 Euphrate
866 2135 910 2196 sie
925 2137 1050 2196 eminent
1062 2143 1093 2195 et

89 2217 205 2281 elnosnt
226 2229 260 2280 ut
277 2219 461 2282 mediocriter
474 2237 591 2300 quoque
611 2221 714 2282 doctos
734 2221 881 2282 advertant
901 2227 932 2279 et
950 2218 1092 2280 adliciant.

88 2301 223 2383 Disputat
248 2303 392 2364 subtiliter
416 2307 541 2383 praviter
563 2315 680 2381 ornate,
704 2305 871 2383 frequenter
892 2304 977 2364 etiam
998 2301 1092 2363 Plato·

88 2389 179 2449 nicam
193 2386 269 2447 illam
283 2385 487 2448 sublimitatem
497 2397 528 2450 et
539 2388 715 2450 latitudinem
727 2389 849 2466 afflugit.
871 2387 974 2448 Sermo
985 2395 1031 2447 est
1043 2403 1091 2446 eo·

52 2472 189 2548 ltpiosns
205 2480 236 2531 et
249 2472 356 2548 uarius,
379 2469 472 2532 duleis
494 2473 648 2551 inprimis,
663 2481 693 2533 et
712 2474 761 2553 qui
775 2471 961 2550 repugnantis
976 2485 1092 2548 quoque

91 2553 172 2615 dueat
192 2554 320 2633 inpellat.
345 2554 391 2615 Ad
404 2554 462 2615 hoo
472 2558 633 2634 preteritas
648 2557 791 2634 eorporis,
807 2554 913 2615 deeora
923 2552 1023 2629 iacies,
1040 2551 1115 2618 de·6

92 2639 193 2700 missus
214 2638 355 2718 capillus,
379 2640 482 2718 ingens
503 2649 533 2701 et
550 2658 618 2700 oona
629 2640 730 2708 barban
755 2655 829 2718 quae
845 2636 916 2697 lieet
932 2636 1047 2697 iortoita
1062 2645 1093 2697 et

93 2721 181 2784 inania
205 2730 357 2801 potentur,
377 2721 419 2784 illi
440 2731 534 2786 tamen
554 2723 705 2802 plurimum
721 2721 915 2783 venerationis
929 2720 1091 2800 adquirunt.

93 2803 190 2868 Nullus
206 2807 309 2866 horror
327 2807 357 2866 in
372 2807 471 2885 onitu,
491 2807 568 2886 nulla
583 2809 708 2885 tristitia,
721 2805 839 2866 multum
854 2806 1032 2868 severitatis:
1047 2811 1116 2868 rei
1173 2829 1178 2838 ¹

59 2889 216 2952 itteresris
238 2907 406 2966 occursum,
426 2907 484 2952 non
502 2890 683 2952 reformides.
712 2891 795 2952 Vitae
817 2891 952 2952 senetitas
972 2904 1091 2965 summa,

95 2976 207 3035 semitm
225 2991 292 3052 par:
314 2975 471 3036 insectatur
484 2977 571 3053 vitia,
590 2975 814 3051 norhantona,
835 2991 891 3035 neo
912 2973 1034 3050 castigat
1048 2990 1092 3031 er·
1121 3034 1125 3042 ,

94 3065 184 3120 rantes
202 3057 256 3120 sed
271 3058 411 3118 emendat.
442 3058 578 3138 Sequaris
598 3068 761 3120 monentem
777 3065 902 3120 attentus
917 3065 947 3117 et
964 3056 1093 3134 pendens

97 3148 123 3198 et
136 3141 304 3218 persuaderi
319 3143 389 3220 tibi,
411 3144 575 3204 etiamtum
591 3145 782 3222 persuaserit,
805 3142 916 3220 oupias.
945 3140 1005 3200 lam
1018 3147 1115 3202 verae

97 3219 173 3284 liberi
193 3234 270 3306 tres,
293 3225 350 3285 duo
370 3242 482 3304 mares,
509 3243 584 3305 quos
599 3225 820 3304 diligentissime
836 3224 968 3286 instituit.
1001 3222 1095 3282 Soter
1120 3291 1124 3298 x

64 3303 242 3387 ltPompeios
258 3308 402 3386 lulianus,
425 3327 490 3369 oum
511 3319 610 3372 oeteru
622 3312 681 3370 vita
695 3318 754 3370 torn
769 3308 817 3370 uel
832 3308 889 3369 hoo
903 3324 960 3367 uno
973 3321 1094 3383 magnus

100 3398 126 3450 et
139 3391 240 3469 eleros,
256 3392 335 3472 quod
349 3395 415 3472 ipse
430 3395 597 3472 provintiae
607 3395 756 3472 princeps,
772 3394 848 3452 inter
861 3390 1013 3452 altissimas
1025 3405 1093 3448 oon·

100 3470 223 3552 linones,
240 3494 380 3555 generum
390 3493 448 3539 non
463 3477 622 3540 honoribus
637 3477 797 3556 prinoipem
810 3473 864 3536 sad
879 3474 1018 3552 sapientia
1032 3472 1093 3533 ele·
1139 3488 1143 3496 ¹

101 3557 145 3632 rit.
163 3558 338 3640 Quanquam
350 3560 419 3641 quid
430 3578 487 3640 ego
498 3559 580 3639 plura
591 3561 628 3621 de
637 3561 701 3620 viro
714 3576 773 3638 quo
783 3557 851 3620 milri
866 3556 920 3618 troi
931 3573 989 3619 non
1002 3553 1117 3619 lieetl9
