2614 4104
376 306 642 372 affluentibus
660 319 815 375 88.89·90·
1038 309 1101 374 295

96 460 211 523 Etenim
233 470 264 523 ut
283 462 394 524 nomine
411 463 533 540 Augusti
548 461 731 526 admonemur
749 465 811 525 eius
828 466 874 524 cui
893 465 1010 542 primum
1025 462 1101 526 dica·

97 555 157 606 tum
175 555 237 624 est,
257 547 295 606 ita
308 545 381 607 baec
395 548 492 624 optimi
508 546 664 626 appellatio
681 565 829 626 numquam
843 549 995 608 memoriae
1012 547 1100 608 bomi-

95 647 164 690 num
177 631 239 691 sine
253 638 283 690 te
297 639 443 707 recurret,
465 632 654 710 quotiensque
674 633 783 710 posteri
797 633 887 692 nostri
902 633 1037 712 optimum
1051 629 1101 691 ali·

96 731 305 812 quemuvooare
328 723 483 792 cogentur,
509 716 614 775 totiens
637 715 862 776 recordabuntur
883 717 946 795 quis
965 716 1101 776 meruerit

63 809 273 954 5v⁰cagirante
295 898 385 958 nuuc,
408 880 473 943 dive
493 854 605 959 llerva,
628 881 731 959 gaudio
752 883 874 960 irueris,
897 901 961 942 cum
975 882 1056 944 vides
1071 890 1099 942 et
1109 893 1152 958 89

96 981 166 1026 esse
180 967 316 1042 optimum
333 975 361 1028 et
379 965 435 1024 dici
449 983 534 1044 quem
548 975 687 1045 umquam
708 968 843 1044 optimum
860 965 989 1044 elegisti!
1017 983 1099 1045 quam

95 1045 203 1108 laetum
224 1049 274 1108 tibi
297 1048 372 1128 quod
393 1059 573 1128 comparatus
595 1049 654 1110 lilio
673 1059 722 1110 tno
737 1049 875 1112 vinceris!
906 1048 1009 1129 Neque
1024 1052 1100 1110 enim

94 1131 152 1191 alio
167 1133 256 1209 magis
273 1131 445 1210 adprobatur
457 1135 541 1194 animi
555 1134 594 1192 tui
612 1133 774 1212 magnitudo
786 1151 869 1213 quam
885 1134 961 1212 quod
976 1136 1099 1212 optimus

45 1217 161 1293 loipse
177 1233 233 1274 non
248 1218 363 1276 timuisti
377 1215 488 1294 eligere
504 1216 659 1277 meliorem.
687 1215 746 1276 Sed
760 1226 791 1277 et
804 1226 850 1295 tu,
870 1225 954 1297 pater
969 1215 1097 1294 Traiane,

96 1300 176 1377 (uam
196 1308 227 1360 tu
248 1317 381 1379 quoque,
405 1302 431 1360 si
451 1318 508 1360 nou
529 1299 639 1377 sidera,
666 1301 821 1378 proximam
840 1309 933 1360 tamen
955 1299 1098 1362 sideribus

95 1383 210 1444 obtines
230 1382 345 1460 sedem)
367 1391 497 1461 quantam
517 1384 643 1463 percipis
664 1383 854 1464 voluptatem,
882 1401 945 1444 cum
959 1384 1037 1444 illum
1050 1386 1098 1445 tri·

94 1466 217 1544 bunum,
234 1465 314 1526 illum
325 1466 440 1528 militem
451 1477 543 1546 tuum,
560 1476 665 1528 tantum
677 1470 893 1548 imperatorem,
905 1477 1010 1530 tantum
1021 1471 1097 1549 prin·

94 1551 192 1627 cipem
213 1552 324 1629 cernis,
346 1567 467 1630 eumque
487 1569 523 1612 eo
544 1553 592 1631 qui
606 1550 750 1631 adoptarit
765 1554 934 1614 amicissime
949 1551 1098 1613 contendis

48 1643 85 1697 15
95 1633 244 1712 pulchrius
263 1633 349 1696 luerit
366 1637 502 1712 genuisse
528 1634 614 1696 talem
633 1653 668 1696 an
687 1635 829 1714 elegisse!
860 1636 956 1696 blacte
977 1645 1097 1714 uterque

93 1719 204 1795 ingenti
218 1719 247 1777 in
261 1737 322 1778 rem
337 1717 480 1796 publicam
493 1720 610 1795 merito,
633 1721 679 1778 cui
694 1719 750 1780 boe
770 1728 875 1780 tantum
893 1720 960 1779 boni
977 1717 1097 1780 contuli·

93 1801 161 1862 stis!
183 1801 263 1862 licet
277 1801 358 1862 alteri
372 1811 499 1864 vestrum
513 1801 563 1862 lilii
580 1804 669 1864 dnus
684 1803 877 1884 triumphalia,
890 1801 1000 1864 caelum
1014 1802 1096 1864 alteri

94 1884 223 1961 dederit,
246 1902 302 1945 non
322 1886 413 1945 minor
431 1894 525 1946 tamen
544 1895 640 1947 vestra
659 1885 738 1964 laus,
765 1884 842 1965 quod
864 1888 919 1948 ista
937 1903 991 1967 per
1010 1886 1097 1946 lilium

94 1971 213 2048 quamsi
227 1969 283 2047 ipsi
294 1970 480 2030 meruissetis.

48 2061 86 2115 20
159 2051 245 2130 Soio,
261 2062 357 2132 patres
372 2053 544 2131 conscripti,
561 2070 625 2113 cum
643 2062 758 2114 eeteros
774 2053 852 2114 cives
866 2049 1148 2134 tumpraecipuebil

94 2134 231 2196 consules
252 2146 387 2215 oportere
404 2139 447 2198 sic
467 2135 551 2197 adlici
569 2147 601 2198 ut
620 2155 653 2198 se
668 2137 786 2216 publice
801 2139 891 2215 magis
907 2155 990 2216 quam
1003 2141 1096 2217 priva·

92 2221 144 2279 tim
159 2218 300 2297 obligatos
314 2229 423 2299 putent.
450 2219 487 2280 Ut
499 2222 574 2281 cnim
587 2219 677 2281 malos
690 2223 836 2301 principes
849 2223 957 2282 rectius
973 2221 1097 2298 pulcbri·

93 2321 187 2381 usque
200 2313 247 2365 est
269 2322 307 2364 ex
327 2301 521 2364 communibus
541 2305 649 2364 iniuriis
669 2302 766 2366 odisse
787 2321 869 2384 quam
889 2305 1030 2383 propriis,
1058 2306 1096 2364 ita

92 2387 162 2448 boni
176 2389 338 2466 speciosius
350 2397 475 2449 amantur
490 2388 527 2449 ob
542 2405 576 2448 ca
591 2405 662 2466 quae
676 2391 777 2465 generi
788 2388 909 2448 humano
923 2403 1005 2466 quam
1023 2405 1095 2466 quae

49 2470 253 2533 uoluminibus
273 2481 428 2550 praestant.
460 2470 532 2545 Quia
553 2473 689 2532 tamenin
708 2470 943 2533 consuetudinem
961 2473 1046 2531 rertit
1066 2481 1096 2531 nt

94 2554 246 2632 consules,
266 2555 381 2635 publica
400 2557 550 2634 gratiarum
569 2557 681 2616 actione
702 2555 828 2634 perlata,
849 2571 902 2616 suo
919 2571 1095 2634 quoqueno·

91 2640 167 2698 mine
184 2648 315 2717 quantum
330 2637 452 2701 debeant
465 2640 587 2719 principi
602 2639 801 2718 profiteantur,
818 2637 968 2700 concedite
983 2655 1028 2699 me
1039 2656 1096 2700 non

93 2739 146 2801 pro
167 2739 212 2782 me
231 2723 321 2800 magis
343 2741 460 2784 munere
482 2725 538 2784 isto
559 2741 641 2803 qoam
662 2740 714 2801 pro
737 2721 852 2801 collega
876 2740 942 2784 meo
968 2719 1095 2783 (iomuto

94 2804 240 2882 Tertullo,
262 2805 417 2867 clarissimo
437 2809 515 2884 viro,
542 2804 717 2885 iungi..0ur
730 2808 804 2868 enim
817 2824 875 2868 uon
891 2825 944 2886 pro
958 2805 1009 2866 illo
1025 2825 1095 2887 quo·

50 2897 153 2968 doque
168 2892 272 2966 gratias
285 2907 381 2967 agam,
398 2908 450 2970 pro
465 2907 522 2969 quo
538 2907 594 2950 non
606 2893 699 2952 minus
711 2888 828 2952 debeo?
849 2891 1016 2971 praesertim
1033 2909 1097 2952 eum

91 2971 352 3050 indulgentissimus
370 2976 523 3054 impemtor
540 2976 569 3035 in
589 2976 741 3036 concordia
761 2984 858 3036 nostra
872 2993 908 3036 ea
922 2975 1096 3054 praestiterit

92 3056 232 3117 ambobus
250 3075 323 3136 quae
342 3061 366 3119 si
382 3067 487 3118 tantum
501 3060 530 3118 in
543 3057 662 3120 alterum
676 3059 863 3137 contulisset,
885 3060 984 3119 ambos
1002 3067 1095 3119 tamen

94 3139 250 3219 aequaliter
270 3140 437 3219 obligasset.
464 3143 619 3222 Utmmque
634 3153 762 3203 nostrum
775 3143 825 3204 ille
841 3143 938 3220 optimi
957 3141 1096 3219 cuiusque

92 3223 230 3304 spoliator
245 3234 275 3284 et
290 3225 418 3286 camiiex
432 3228 575 3305 stragibus
593 3229 744 3287 amicorum
760 3236 789 3286 et
803 3228 832 3285 in
848 3226 1005 3303 proximum
1019 3225 1096 3286 iacto

50 3305 210 3370 minume
225 3307 386 3371 adflaverat.
421 3307 517 3372 Isdem
539 3311 613 3370 enim
629 3311 725 3371 amicis
746 3308 954 3386 gloriabamur,
978 3306 1096 3368 eosdem

92 3392 214 3452 amissos
229 3391 412 3470 lugebamus,
433 3411 468 3453 ac
483 3396 556 3455 sicut
571 3413 653 3455 ncne
669 3411 739 3472 spes
755 3391 962 3470 gaudiumque,
979 3392 1017 3452 ita
1028 3401 1096 3454 tunc

94 3476 251 3536 communis
266 3475 349 3536 nobis
363 3474 447 3535 dolor
458 3486 488 3537 et
503 3487 593 3538 metus
609 3486 678 3538 erat.
711 3475 853 3536 llabuerat
867 3473 943 3535 bunc
960 3474 1097 3536 bonorem

92 3558 229 3637 perieulis
251 3561 355 3620 uostris
376 3559 458 3620 diuus
482 3559 577 3621 Nerva
598 3569 629 3622 ut
650 3578 720 3635 nos,
747 3561 801 3620 etsi
823 3560 914 3620 minus
939 3569 970 3619 ut
993 3559 1096 3638 bonos,
