2614 4104
234 305 298 370 240
656 303 690 364 0.
709 302 807 364 PLlNl

231 459 287 521 sint
302 466 392 517 actae.
427 452 571 534 Nusquam
586 464 617 514 ut
634 453 709 531 deo,
731 472 869 533 nusquam
883 463 915 514 ιιι
929 454 1034 512 numini
1048 453 1241 514 blandiamur:

231 541 377 602 nonenim
393 539 429 599 de
442 548 561 614 tyranno
577 537 630 598 sed
646 537 681 597 de
698 541 779 615 cive,
800 555 857 597 non
871 538 909 596 de
923 537 1036 597 domino
1060 537 1116 598 sed
1140 537 1178 598 de
1195 555 1241 615 pa·

233 628 312 687 rente
327 623 477 702 loquimar.
510 622 601 684 Unum
616 621 666 682 ille
682 641 715 682 se
732 639 769 682 ex
782 622 884 698 nobis,
899 629 929 682 et
943 620 999 682 boc
1012 623 1105 720 magis
1121 621 1242 682 excellit

231 719 317 788 atque
333 709 453 780 eminet,
477 705 554 785 quod
569 723 653 765 unam
667 723 707 765 ex
722 705 806 766 nobis
826 714 906 784 putat
920 723 974 765 nec
987 707 1082 766 minus
1098 705 1243 766 bominem

232 812 265 854 se
280 808 362 870 quam
379 751 537 850 hominibus
553 806 690 866 praeesse
704 790 838 850 meminit.
861 787 1066 866 Intellegamus
1079 807 1155 867 ergo
1171 789 1262 850 bonat

232 885 328 935 nostra
338 872 524 952 ,dignosque
538 891 591 933 nos
605 872 663 934 illis
676 891 729 934 usu
739 873 911 973 probemus,
927 882 1013 951 atque
1024 872 1185 934 identidem
1197 891 1243 932 co-

230 962 354 1036 gitemus
371 975 462 1033 quum
482 959 521 1018 stt
540 959 701 1034 indignum
722 957 747 1017 si
763 959 851 1016 maius
865 957 1043 1034 principibus
1057 967 1242 1034 praestemus

230 1042 400 1128 obsequium
419 1042 467 1119 qui
487 1043 626 1101 servitute
648 1040 752 1100 civium
768 1059 851 1120 quam
866 1041 913 1138 qui
936 1039 1069 1102 libertate
1090 1039 1242 1102 laetantm.

228 1124 266 1186 Et
282 1111 407 1204 populu's
423 1125 537 1203 quidem
548 1124 691 1184 Romanus
704 1123 839 1184 dilectam
850 1125 1010 1203 principum
1023 1135 1120 1186 servat
1129 1143 1243 1204 ,qu-an

229 1220 318 1288 toque
331 1208 417 1289 paulo
431 1217 496 1268 ante
516 1217 658 1270 concentu
677 1208 832 1269 formosum
851 1207 935 1268 alium
956 1208 1031 1268 huno
1053 1208 1276 1270 fortissimumlt

230 1302 382 1373 personat,
404 1294 565 1371 quibusque
587 1291 737 1370 aliquando
756 1290 926 1352 clamoribus
941 1302 1055 1368 gestum
1071 1291 1197 1352 alterins
1215 1303 1242 1352 et

229 1394 334 1438 rocem
363 1376 447 1436 huius
476 1378 611 1455 pietatem
641 1377 838 1437 abstinentiam
866 1375 1109 1436 mansuetudinem
1137 1374 1238 1436 laudat.

231 1460 305 1534 Quid
316 1477 369 1520 nos
381 1456 457 1538 ipsit
472 1460 645 1520 divinitatem
659 1461 796 1539 principis
811 1462 900 1520 nostri
909 1478 945 1521 an
955 1459 1161 1520 humanitatem
1172 1470 1240 1520 tem·

230 1544 386 1623 percutiam
403 1541 582 1617 facilitatem,
601 1553 631 1602 ut
645 1561 724 1603 amor
735 1554 764 1604 et
775 1543 906 1620 gaudium
918 1541 998 1620 tulit,
1017 1545 1148 1604 universi
1160 1562 1239 1623 prae·

231 1627 325 1688 dicare
348 1623 495 1687 solemus?
523 1627 582 1687 lam
600 1626 666 1705 quid
682 1637 738 1687 tam
760 1627 862 1703 civile,
888 1638 944 1688 tam
966 1630 1141 1688 senatorium
1160 1625 1271 1707 qnanl⁵

230 1711 300 1772 illud
317 1711 440 1771 additum
454 1729 470 1770 ι
483 1712 567 1772 nobis
582 1711 681 1789 optimi
699 1708 880 1788 cognomen?
900 1711 977 1788 quod
993 1711 1143 1789 peculiare
1158 1712 1236 1773 buius

231 1806 260 1856 et
280 1797 425 1875 proprium
445 1794 608 1872 adrogantia
629 1797 755 1872 priorum
779 1795 937 1873 principum
960 1795 1038 1856 iecit.
1083 1795 1235 1856 Enimvero

230 1897 314 1958 quam
330 1895 495 1956 commune,
519 1897 601 1959 quarn
616 1895 760 1956 exaequo
775 1878 852 1958 qnod
866 1877 970 1940 felices
985 1895 1056 1957 nos,
1073 1879 1193 1940 ielicem
1206 1878 1235 1938 il·

228 1962 288 2022 lum
302 1963 498 2041 praedicamus
514 1962 689 2040 alternisque
705 1963 781 2022 votis
804 1961 891 2023 ‘baec
905 1963 1007 2040 iaciat,
1029 1963 1105 2023 haec
1118 1963 1233 2037 audiat’,

231 2048 311 2124 quasi
324 2063 381 2105 non
398 2045 517 2123 dicturi,
531 2047 587 2107 nisi
601 2047 721 2124 iecerit,
738 2043 965 2125 comprecamur?
982 2047 1027 2107 tt
1042 2065 1113 2126 quas
1126 2046 1178 2106 ille
1188 2047 1270 2106 roll

231 2148 282 2190 ces
296 2127 420 2189 lacrimis
436 2131 520 2189 etiam
536 2147 572 2191 ac
585 2129 674 2190 multo
684 2129 795 2209 pudore
810 2130 989 2192 suffunditur.
1006 2129 1152 2209 Agnoscit
1166 2132 1236 2190 enim

201 2214 373 2291 3sentitque
391 2213 464 2291 sibi,
490 2232 546 2274 non
567 2215 690 2293 principi
708 2214 774 2274 dici.
817 2213 908 2292 Igitur
930 2213 1005 2294 quod
1029 2224 1234 2294 temperamen-

230 2307 289 2356 tum
305 2314 404 2358 omnes
421 2298 449 2356 in
466 2296 516 2357 illo
531 2299 625 2359 subito
644 2298 757 2377 pietatis
774 2297 871 2359 calore
892 2300 1086 2373 servarimus,
1109 2298 1168 2359 boo
1182 2300 1235 2360 sin-

230 2381 290 2462 guli
310 2398 425 2461 quoque
441 2381 625 2462 meditatique
646 2393 809 2460 teneamus,
839 2383 1019 2461 sciamusque
1040 2380 1149 2442 nullutn
1171 2400 1236 2444 esse

229 2483 325 2546 neque
341 2466 479 2525 sincerius
499 2484 593 2546 neque
613 2468 762 2544 acceptius
784 2485 876 2543 genus
896 2467 1047 2544 gratiarum
1061 2484 1146 2544 qnam
1162 2465 1269 2544 quottt

230 2548 294 2608 illas
313 2548 532 2610 adclamationes
554 2548 712 2610 aemuletur
733 2568 806 2628 quae
827 2549 951 2627 fingendi
973 2567 1029 2610 non
1045 2549 1154 2610 babent
1168 2560 1236 2611 tom·

230 2651 295 2712 pus.
332 2631 473 2705 Quantum
490 2633 526 2693 ad
545 2652 591 2693 me
612 2635 753 2711 pertinet,
774 2633 913 2694 laborabo
930 2645 961 2696 ut
976 2636 1133 2695 orationem
1148 2652 1237 2694 meam

230 2716 265 2778 ad
279 2715 445 2777 modestiam
459 2717 596 2800 principis
611 2717 891 2816 moderationemque
907 2721 1093 2793 summittam,
1115 2736 1173 2779 nec
1188 2719 1237 2776 mi·

228 2817 282 2858 nus
299 2799 486 2861 considerabo
503 2795 570 2881 quid
589 2819 673 2864 aures
693 2802 756 2862 eins
772 2804 831 2880 pati
844 2802 956 2902 possint
971 2819 1054 2880 qaam
1069 2800 1136 2880 quid
1151 2804 1237 2862 virtu·

229 2883 306 2944 tibus
328 2881 474 2942 debeatur.
506 2883 609 2962 Magna
630 2895 659 2946 et
679 2887 807 2946 inusitata
823 2887 963 2984 principis
978 2885 1086 2984 glorian,
1114 2887 1162 2946 cui
1175 2904 1237 2964 gra·
1227 2888 1271 2942 -30

230 2969 283 3026 tias
302 2975 418 3027 actums
436 2983 493 3026 non
513 2977 569 3028 tarn
590 2987 694 3029 vereor
712 2988 749 3029 ne
765 2987 810 3030 me
831 2972 859 3028 in
879 2969 1011 3031 laudibus
1033 2972 1093 3030 suis
1119 2987 1237 3047 parcum

231 3068 313 3129 quam
331 3069 367 3111 ne
381 3052 501 3134 ,nimium
517 3061 607 3130 putet.
650 3052 729 3113 llaec
743 3071 789 3114 me
806 3071 890 3130 cura,
916 3053 989 3114 haec
1006 3051 1161 3113 difficultas
1175 3053 1236 3113 sola

232 3138 409 3197 circumstat:
428 3153 493 3196 nam
506 3140 626 3197 merenti
641 3139 746 3214 gratias
762 3155 851 3215 agere
867 3136 953 3197 facile
971 3147 1034 3213 est,
1055 3147 1152 3214 patres
1168 3155 1236 3199 con·

230 3221 340 3300 scripti.
366 3219 430 3279 Non
447 3223 519 3280 enim
536 3219 693 3300 periculum
710 3230 821 3298 estne,
838 3239 902 3280 cum
915 3219 1016 3300 loquar
1030 3221 1066 3280 de
1081 3219 1234 3282 hnmanita-

229 3314 259 3364 te
266 3304 453 3383 ,exprobrari
465 3305 519 3365 sibi
533 3305 694 3382 superbiam
705 3303 817 3380 credat,
832 3322 896 3364 oum
909 3304 945 3365 de
959 3303 1139 3382 imgalitate,
1155 3301 1268 3364 luxu-³⁵

229 3389 314 3464 riam,
329 3405 392 3446 cum
404 3387 440 3447 de
457 3388 623 3467 clementia,
635 3387 840 3466 crudelitatem,
854 3386 1160 3466 cumdeliberalitate,
1172 3405 1234 3448 ara·

229 3471 336 3547 ritiam,
353 3487 416 3529 cum
432 3472 468 3532 de
483 3473 679 3549 benignitate,
690 3471 825 3548 livorem,
843 3491 907 3532 cum
919 3471 955 3532 de
968 3472 1157 3550 continentia,
1172 3471 1232 3531 libi·

230 3549 340 3627 dinenr,
356 3569 419 3612 curn
432 3553 467 3613 de
479 3552 593 3633 labore
609 3557 751 3633 inertiam,
771 3573 834 3614 cum
847 3555 882 3616 de
897 3554 1077 3633 fortitudine,
1093 3519 1233 3616 timdreat.
