2632 4096
634 290 669 353 G.
690 291 788 354 nunu

411 447 461 508 ille
479 445 626 523 oblinius,
641 445 692 505 ille
708 454 777 526 quot
794 441 935 506 Catones!

414 532 424 590 i
437 547 523 609 nunno,
536 529 667 609 quisquis
679 547 766 605 amas,
780 547 874 592 amare
887 528 958 590 mli.

183 613 297 687 5Vides
311 631 395 692 quom
408 624 491 675 acuta
506 615 606 690 omnia,
625 631 708 692 ιιιιιιιιι
721 622 798 691 apta,
812 631 897 692 qum
911 629 1061 690 expressa.
1082 611 1129 672 Ad
1139 611 1223 673 hune

210 708 325 778 gustum
339 707 428 758 tntum
442 698 545 760 librum
559 700 744 776 reprcuuuo,
766 693 851 775 quem
867 697 928 774 tibi,
945 705 975 756 ut
989 697 1110 774 primum
1121 695 1222 775 publi·
1313 709 1314 712 ’

211 783 329 858 caverit,
346 781 500 843 exhibebo.
522 779 638 842 Interim
651 798 711 841 ama
726 782 858 840 iuvenem
874 789 903 840 et
917 780 1095 860 temporibus
1108 783 1250 843 domiso

209 865 351 944 gratulare
370 883 423 944 pro
444 867 561 943 ingenio
581 864 648 942 tali,
670 864 746 943 qnod
766 864 816 925 ille
834 864 960 924 moribus
982 862 1107 924 adornat.
1138 864 1224 924 vivit

211 967 274 1009 cum
290 947 439 1026 Spurinna,
454 951 524 1009 vivit
539 967 603 1008 curu
616 949 771 1025 Antonino,
788 965 907 1027 quorum
923 947 1004 1010 alteri
1020 947 1130 1025 adfinis,
1147 950 1223 1007 utri·

177 1041 195 1096 6
212 1051 268 1112 que
287 1032 498 1094 contubernalis
513 1043 568 1094 est.
590 1032 688 1094 Possis
703 1051 741 1092 ex
751 1033 807 1093 hoc
819 1031 916 1092 faeere
929 1032 1121 1092 coniecturam
1132 1049 1222 1111 quam

208 1118 247 1179 sit
263 1116 427 1178 emendatus
443 1117 614 1178 adulescens
629 1119 676 1196 qui
691 1117 895 1195 agravissimis
911 1118 1028 1179 senibus
1042 1117 1086 1176 sic
1099 1124 1219 1175 amatur.

206 1198 263 1264 Est
276 1202 351 1262 euim
365 1199 435 1262 illud
448 1203 627 1263 verissimum
1233 1215 1267 1266 1⁰

721 1275 898 1362 γινώσκων
914 1276 966 1345 ὅτι

363 1362 515 1442 τοιοῦτός
527 1363 628 1446 ἐστιν,
642 1355 755 1448 oteness
767 1358 881 1448 ἥδεται
894 1363 1019 1430 συνών.

208 1451 290 1514 Vale.

643 1584 773 1646 xxvrn.
1231 1627 1266 1678 ,5

442 1683 469 1738 G.
488 1682 614 1734 PLINIUS
630 1683 716 1734 VIBIO
734 1682 861 1734 SEVERO
881 1681 941 1735 SUO
961 1681 989 1736 S.

185 1800 200 1852 1
274 1784 432 1847 Herennius
448 1785 590 1862 Severus,
606 1786 651 1844 vir
664 1785 861 1864 doctissimus,
882 1787 1116 1864 maguiaestimat
1130 1788 1160 1846 in
1175 1787 1219 1846 bi·

211 1869 357 1931 bliotheca
378 1888 429 1931 sua
448 1887 557 1947 ponere
582 1871 719 1946 imagines
740 1872 914 1949 municipum
933 1880 1063 1948 tuorum,
1088 1867 1219 1930 Cornelii

209 1951 333 2032 Nepotis
355 1962 384 2013 et
399 1952 453 2013 Titi
469 1950 541 2031 Cati,
557 1955 702 2032 petitque,
724 1955 749 2014 si
766 1963 831 2014 sunt
846 1956 928 2032 istie,
948 1963 979 2014 ut
994 1973 1061 2015 esse
1078 1954 1218 2015 credibile

157 2045 272 2115 west,
295 2035 499 2098 exscribendus
520 2038 736 2116 pingendasque
757 2036 901 2116 delegem.
938 2037 1027 2110 Quam
1049 2055 1144 2097 curam
1165 2040 1266 2102 tibiao

209 2121 387 2200 potissimum
402 2121 535 2199 iniungo,
553 2122 687 2198 primum,
710 2123 775 2199 quia
790 2121 940 2183 desideriis
955 2124 1027 2182 meis
1042 2123 1217 2183 amicissime

210 2204 398 2284 obsequeris,
423 2202 544 2282 deinde,
571 2207 634 2285 quia
656 2204 709 2265 tibi
734 2205 889 2266 studiorum
910 2223 1018 2268 summa
1041 2209 1216 2284 reverentia,

211 2306 336 2350 summus
350 2307 430 2349 amor
448 2287 650 2366 studiosorum,
667 2298 824 2368 postremo,
840 2290 919 2368 quod
934 2291 1052 2369 patriam
1066 2299 1142 2350 tuam
1156 2307 1217 2349 om-

185 2382 320 2454 enesque
335 2375 385 2452 qui
398 2390 502 2434 nomeu
515 2375 579 2434 eius
596 2383 732 2434 auxerunt
746 2383 777 2434 ut
790 2375 909 2454 patriam
922 2377 1013 2453 ipsam
1023 2376 1170 2434 veneraris
1186 2384 1218 2434 et

210 2456 315 2538 diligis.
338 2457 408 2522 Peto
419 2467 513 2519 autem
526 2467 556 2518 ut
567 2459 709 2536 pictorem
720 2475 802 2536 quam
814 2458 1060 2536 diligentissimum
1072 2457 1217 2520 adsumas.
1225 2471 1263 2524 25

209 2540 280 2602 Nam
295 2557 359 2603 cum
370 2552 414 2604 est
424 2543 541 2603 arduum
552 2541 761 2603 similitudinem
773 2542 913 2620 effingere
929 2561 968 2603 ex
980 2559 1063 2619 vero,
1078 2551 1139 2602 tum
1152 2539 1217 2603 lou·

210 2644 248 2703 ge
263 2625 429 2688 difficillima
448 2637 494 2688 est
514 2627 676 2688 imitationis
690 2627 821 2695 imitati0;
842 2645 929 2705 aqua
942 2643 1016 2704 rogo
1029 2635 1060 2688 ut
1075 2625 1217 2688 antocem

211 2726 295 2786 quem
309 2709 436 2788 elegeris
450 2728 487 2770 ne
502 2712 531 2769 in
544 2710 646 2771 melius
660 2708 774 2788 quidem
787 2712 863 2772 sinas
877 2711 1021 2774 aberrare.
1053 2707 1135 2770 Vale.

638 2841 784 2905 xxvllll.

425 2941 453 2992 c.
472 2940 597 2993 rmnrns
613 2942 759 2995 nonnum
777 2942 877 2996 muno
896 2942 956 2994 suc
973 2939 1000 2998 S.

185 3058 201 3111 1
272 3044 344 3106 lleia
358 3055 405 3123 tu,
432 3064 496 3106 cum
510 3048 639 3126 proxime
654 3067 702 3109 res
713 3057 844 3125 agentur,
863 3064 979 3126 quoquo
994 3044 1129 3106 modoad
1145 3043 1217 3106 indi·

210 3129 328 3192 candum
342 3132 418 3191 veni.
437 3129 513 3190 Nilril
528 3140 573 3192 est
587 3131 664 3210 quod
677 3134 706 3192 in
720 3132 848 3192 dextram
859 3149 957 3192 aurem
968 3129 1069 3191 liducia
1082 3130 1139 3188 mei
1151 3129 1217 3189 dor·

186 3216 295 3277 tmias:
310 3232 367 3275 non
378 3216 484 3292 inpune
496 3225 634 3278 cessatur.
653 3215 745 3291 Ecce,
761 3215 885 3277 licinius
896 3214 1008 3294 Nepos,
1020 3223 1136 3293 praetor
1147 3229 1218 3273 acer

212 3308 241 3359 et
256 3298 350 3377 fortis,
365 3297 479 3360 multam
493 3299 564 3360 dixit
577 3302 662 3360 etiarn
675 3301 808 3360 senatori.
840 3298 909 3376 Egit
922 3299 972 3361 llle
986 3301 1015 3359 iu
1032 3306 1132 3358 senatu
1148 3307 1260 3360 cau-3⁵

211 3400 271 3442 sam
285 3400 374 3460 suam,
391 3386 451 3461 egit
467 3394 561 3445 autem
574 3385 618 3444 sic
632 3392 663 3443 ut
677 3381 890 3463 deprecaretur.
912 3382 1045 3443 Remissa
1058 3389 1103 3442 est
1114 3379 1214 3458 multa,

183 3465 261 3526 used
274 3467 376 3543 timuit,
392 3467 445 3527 sed
460 3469 582 3545 rogavit,
602 3467 655 3528 sed
669 3485 742 3546 opus
753 3469 835 3528 venia
847 3468 910 3528 luit.
931 3466 1020 3528 Dices
1032 3471 1100 3525 ‘non
1113 3480 1215 3526 omues

210 3556 359 3625 praetores
373 3558 429 3609 um
447 3552 565 3610 severi'
590 3548 719 3611 Falleris.
745 3549 816 3610 Nam
832 3549 880 3611 val
900 3552 1048 3611 instituere
1063 3545 1112 3608 vel
1129 3546 1215 3606 redu·

1223 2893 1262 2949 30
