2632 4102
457 313 698 367 PRAEFATIO.
1058 327 1109 367 ¹111

46 489 95 537 tur,
116 472 177 528 dum
198 479 280 528 nostra
302 477 381 526 aetate
396 467 502 526 omen
519 471 668 541 principibus
693 469 839 526 editionibus
859 471 953 527 collatio
975 474 1106 545 genuinam

45 557 132 613 codicis
142 557 295 626 scripturam,
318 554 398 628 quoad
408 555 461 609 eius
470 554 522 608 fleri
533 562 624 625 posset,
645 554 759 618 restituit,
780 555 915 610 restitutam
926 556 964 611 via
979 559 1106 614 etratione

44 640 187 695 emendavit.
230 640 306 695 edidit
322 635 404 694 autem
421 635 525 694 Orellius
540 638 646 708 primum
656 637 727 692 Plinii
743 643 769 692 et
779 637 874 693 Traiani
884 640 998 709 epistulas
1009 650 1105 698 mutuas

43 724 123 779 barini
141 725 225 790 1888,
246 723 334 779 deinde
352 723 432 795 magis
443 721 582 777 emendatas
592 737 641 776 una
651 735 708 776 cum
716 720 816 777 historia
826 722 909 777 critica
922 737 1003 778 earum
1016 726 1105 795 epistu-

43 809 119 863 larum
131 807 214 862 'l'urici
232 809 303 865 1838
315 808 386 863 edita
429 821 461 861 ex
478 805 517 861 bis
538 806 614 878 igitvu
633 805 792 876 posteriorem
812 806 942 861 editionem
961 807 995 862 ita
1007 817 1105 865 secutvrs

41 907 96 946 sum
117 899 146 946 ut
168 890 193 945 in
217 891 315 960 paucis,
341 905 444 963 quorum
465 890 537 945 index
558 890 619 944 intra
639 890 743 959 scriptus
764 895 813 953 est,
844 890 875 944 ab
903 905 932 944 ea
959 893 1104 949 recederem.

44 983 153 1030 ceterum
173 973 283 1030 ordinem
298 981 324 1029 et
340 987 467 1030 numerum
485 973 640 1044 epistulamm
657 973 752 1045 qualem
769 971 897 1028 111111ῐὶ1
913 973 1105 1032 1111111111-

39 1058 148 1130 pleribus
174 1057 268 1121 inveni.
295 1073 309 1113 a
337 1073 385 1129 quo
405 1057 459 1112 siue
483 1057 569 1112 idonea
591 1072 662 1111 causa
685 1064 769 1126 postea
794 1056 960 1122 descivomnt,
986 1063 1104 1118 revocavi.

40 1157 96 1198 mni
113 1149 245 1212 postquam
255 1141 284 1194 H.
296 1139 447 1212 Stephanus.
467 1141 492 1196 ui
513 1141 596 1205 111111,
617 1141 710 1210 primus
735 1141 769 1196 ita
788 1139 833 1195 bas
852 1141 967 1211 epistulas
988 1143 1105 1214 disposuit

39 1235 67 1280 ut
98 1239 154 1280 eam
182 1233 276 1295 partem
297 1239 359 1296 quae
378 1225 493 1295 epistulas
513 1223 544 1279 ab
570 1225 714 1295 imperatore
737 1225 866 1294 rescriptas
888 1225 980 1280 additas
1006 1227 1106 1284 baberet

37 1325 152 1365 seorsum
173 1308 276 1378 positam
296 1316 321 1364 et
339 1324 403 1364 novo
418 1316 556 1364 mutuamm
573 1307 728 1378 epistulamm
747 1307 818 1363 titulo
840 1308 978 1379 inscriptam
993 1311 1018 1365 iu
1032 1311 1105 1367 linem

39 1394 153 1457 micaret,
173 1391 235 1449 banc
247 1394 365 1449 rationem
382 1393 481 1464 plurimi
503 1392 590 1448 imitati
610 1400 675 1448 sunt.
696 1392 777 1464 itaque
787 1392 885 1464 antiquo
897 1393 983 1448 ordine
992 1396 1104 1450 restituto

39 1476 203 1533 recentiorem
226 1477 333 1532 numeris
350 1476 491 1550 mulgaribus
510 1476 636 1548 adscriptis
655 1476 765 1531 iudicavi.
807 1477 852 1532 sed
874 1492 931 1532 cum
953 1479 977 1532 in
998 1478 1046 1534 bac
1069 1496 1104 1544 re,

39 1575 189 1632 quamquam
202 1559 397 1618 dissentientibus
407 1561 529 1632 plerisque
539 1559 670 1616 editon’bus
684 1567 709 1615 et
721 1561 773 1631 ipso
785 1558 883 1625 Orellio,
904 1562 991 1618 lidum
1001 1579 1104 1636 sequen·

38 1646 99 1701 dum
120 1644 324 1710 manducarem,
350 1644 417 1700 nolui
443 1659 499 1700 eum
520 1659 577 1700 cum
601 1644 698 1716 reliquis
719 1645 807 1700 imitari
827 1645 852 1701 in
878 1643 940 1711 lunc,
968 1649 1032 1718 quod
1057 1663 1105 1703 una

39 1745 98 1784 cnm
110 1727 213 1799 reliquis
222 1728 290 1784 libris
300 1729 343 1784 bas
354 1729 468 1799 epistulas
478 1743 601 1800 tamquam
611 1729 732 1784 decimum
742 1727 829 1784 libmm
848 1731 944 1800 posuit:
965 1731 1030 1802 quod
1047 1732 1104 1804 quin

39 1819 126 1867 contra
136 1811 211 1866 fidem
221 1813 413 1868 membranamm
423 1814 545 1868 novaverat
555 1812 659 1868 dubitari
674 1813 764 1884 nequit
785 1827 842 1867 nam
862 1814 1049 1869 etantetldum
1060 1815 1104 1870 ali·

39 1912 86 1968 qua
98 1896 258 1967 epistularum
271 1913 325 1968 pars
336 1906 458 1969 tamqnam
470 1896 531 1953 liber
540 1897 670 1969 singularis
680 1897 745 1952 edita
755 1904 863 1952 eratneo
877 1911 991 1968 umquam
998 1913 1054 1952 cum
1066 1914 1103 1954 re-

39 1981 112 2052 liquis
123 1979 193 2035 libris
203 1979 249 2035 bae
258 1981 372 2052 epistulae
385 1988 524 2036 numeratae
535 1989 601 2037 sunt.

105 2062 223 2135 Epistulis
233 2063 302 2121 Plinii
312 2065 387 2121 adieci
405 2067 593 2138 panegyricum
613 2080 663 2119 uon
680 2079 728 2136 quo
740 2063 853 2120 haberem
864 2081 954 2138 magno
965 2079 1038 2136 opere
1051 2067 1104 2138 qui·

39 2149 86 2204 bus
112 2147 306 2204 emendationem
333 2149 482 2214 adimerem,
511 2149 555 2205 sed
582 2149 637 2221 quia
663 2162 738 2220 aegre
764 2147 852 2204 libmm
872 2165 886 2204 a
907 2149 989 2204 multis
1009 2150 1034 2204 in
1058 2150 1105 2204 bac

40 2231 149 2288 editione
160 2232 288 2288 desiderari
300 2233 480 2306 intellegebam
502 2234 583 2304 itaque
593 2234 618 2288 in
629 2247 659 2287 eo
669 2232 868 2304 recognoscendo
879 2241 974 2304 praeter
985 2234 1069 2288 doctas
1079 2241 1104 2288 et

40 2316 176 2373 laboriosas
193 2313 331 2373 8111111111
347 2317 428 2388 copias
442 2317 569 2388 inprimis
585 2317 676 2387 optima
693 2313 811 2372 Fidele-ici
827 2315 949 2372 01111111·
963 2319 1104 2372 recensione

41 2401 138 2456 Parisiis
162 2415 224 2455 anno
243 2403 310 2457 1843
332 2401 395 2457 edita
414 2408 439 2456 et
460 2401 597 2457 scholarum
617 2399 761 2456 Gallicarum
779 2401 835 2456 usui
850 2401 1031 2456 accommodata
1046 2415 1104 2455 usus

40 2501 103 2540 sum.
135 2499 195 2539 nam
215 2484 247 2540 de
267 2485 334 2540 libris
355 2501 427 2541 manu
446 2486 542 2558 scriptis
563 2485 615 2556 ipse
637 2500 686 2540 non
708 2484 825 2555 quaesivi,
846 2494 872 2540 et
891 2501 952 2556 quos
972 2485 1036 2539 torte
1052 2484 1103 2539 col·

41 2569 105 2624 latos
131 2566 207 2623 habui
227 2567 301 2633 duos,
329 2569 432 2625 altemm
455 2570 659 2628 Mediolanensem
679 2567 839 2623 bibliothecae
859 2567 1017 2640 Braydensis,
1045 2568 1104 2623 olim

42 2651 185 2708 Patav‘nrum
204 2668 281 2724 eoque
299 2655 422 2709 nominoa
437 2654 575 2709 Schwamio
592 2659 750 2724 usurpatum,
770 2650 872 2706 altemm
883 2651 1103 2725 Guelferbytanum,

42 2738 83 2808 qui
94 2744 133 2790 est
146 2736 209 2791 inter
220 2735 450 2793 Gudianosuumem
461 2741 510 2803 45,
532 2746 660 2808 utrumque
677 2735 830 2791 chartaceum
846 2736 943 2792 sacculo
963 2737 1047 2809 quiuto
1062 2736 1104 2792 dc·

43 2820 108 2876 cimo
121 2820 253 2890 scriptum,
275 2835 360 2876 eorum
373 2822 490 2894 exiguum
499 2837 571 2877 usum
582 2835 636 2876 esse
646 2821 759 2894 cognovi
782 2821 894 2876 videntur
910 2827 992 2876 autem
1008 2819 1105 2876 codices

43 2903 185 2975 panegyrici
205 2910 301 2974 praeter
320 2919 410 2974 paucas
430 2905 581 2960 membranas
600 2906 743 2976 rescriptas,
764 2904 881 2976 oqubus
901 2905 981 2960 variae
1001 2905 1104 2975 scriptu-

43 3003 84 3042 rae
102 2987 133 3042 ab
154 2987 250 3060 Angeia
270 2987 333 3043 bloio
351 2989 477 3044 adnotatae
492 2997 551 3044 sunt
570 3004 633 3043 anuo
652 2991 719 3046 1815
736 2988 760 3044 iu
775 2987 914 3060 Symmachi
935 2989 1040 3045 editiom
1054 2988 1104 3045 lle-

44 3071 193 3136 diolanensi,
213 3078 333 3143 quotquot
354 3079 436 3128 estam
450 3087 534 3127 omues
552 3087 583 3127 ex
600 3087 649 3127 uno
669 3072 780 3143 exemplo
801 3073 897 3128 sacerdo
912 3072 1105 3146 quintodecimo

43 3164 140 3226 reperto
151 3155 219 3211 ducti
229 3170 291 3210 esse.
313 3171 370 3211 nam
380 3157 445 3228 quod
458 3156 600 3212 lluebnerus
617 3157 642 3211 in
652 3156 729 3212 blusei
749 3155 859 3212 Rhenani
878 3158 1003 3213 novisdmi
1022 3165 1041 3212 t
1063 3155 1103 3221 111,

44 3254 67 3308 p.
76 3243 128 3296 154
139 3239 249 3294 codicem
254 3238 396 3296 Vaticanum
405 3243 473 3298 8461
485 3241 579 3296 decimo
589 3241 686 3295 saeculo
696 3240 812 3310 scriptum
823 3257 876 3297 csse
885 3241 951 3305 dicit
963 3241 1105 3311 nescioquo

45 3331 143 3377 auctore
153 3323 226 3378 dicat
253 3324 312 3378 mibi
323 3331 389 3378 certe
399 3324 516 3379 Henricus
526 3325 646 3380 Bmunius
657 3339 685 3380 ea
695 3325 726 3380 de
735 3340 762 3378 re
771 3325 934 3398 interrogatus
946 3339 1002 3379 eum
1015 3323 1104 3378 libmnr

46 3421 91 3460 nou
105 3406 186 3479 magis
201 3422 274 3479 qnam
285 3407 392 3480 reliquos
407 3408 546 3480 panegyrici
562 3407 671 3476 codices,
692 3409 733 3480 qui
754 3415 812 3463 sunt
832 3409 857 3463 in
879 3407 1024 3462 bibliotheca
1040 3406 1105 3462 11111-

47 3504 103 3544 cana
125 3505 228 3546 numero
255 3499 327 3556 octo,
353 3492 384 3548 ad
416 3493 526 3564 quintum
547 3491 669 3548 decimum
689 3492 813 3547 saeculum
832 3492 952 3562 pertinere
972 3491 1104 3563 respondit.

48 3587 122 3645 neque
143 3575 290 3631 dissentiunt
311 3575 342 3631 ab
363 3575 413 3631 boc
431 3576 520 3632 iudicio
537 3577 670 3647 scripturae
686 3592 700 3631 a
715 3575 853 3630 Schwaraio
868 3575 1005 3631 eVaticauo
1021 3575 1105 3631 codice
