2632 4096
637 312 669 375 c.
691 312 788 376 l’lle

685 464 749 528 xit

422 584 450 638 c.
469 583 596 637 ruritius
615 582 731 635 uessro
750 582 883 635 namuro
901 582 963 636 suo
982 583 1009 638 s,

190 740 205 792 l
275 720 462 782 blemiuistine
482 731 512 782 te
533 739 623 802 saepe
643 722 753 800 legisse
769 731 886 799 quantes
901 723 1098 782 contentiones
1114 722 1221 783 exeita·

214 807 251 866 rit
265 804 314 866 lex
329 803 476 865 tabellaria
490 813 680 884 quantumque
701 808 757 885 ipsi
776 805 859 866 latori
872 804 921 866 vel
935 804 1043 883 gloriae
1057 803 1106 865 vel
1121 815 1245 886 repre-5

188 889 359 960 ahensionis
380 886 526 949 attulerit?
544 889 591 950 nt
610 907 685 950 nunc
704 892 732 949 in
757 897 857 951 senatu
877 891 939 950 sinc
961 888 1019 950 nlla
1038 889 1220 952 dissensione
1310 921 1311 960 r

214 974 271 1033 boc
286 972 361 1032 idern
380 981 411 1031 ut
426 975 562 1051 optimum
582 972 703 1052 placuit:
728 989 828 1034 omnes
844 975 1021 1034 comitiorum
1035 974 1081 1034 die
1096 973 1219 1036 tabellas
1310 961 1311 1036 i

186 1055 438 1137 apostuluvernnt.
471 1056 696 1118 Excesseramus
717 1075 785 1118 sane
804 1057 961 1118 manifestis
981 1056 1038 1120 illis
1052 1061 1219 1137 apertisque

213 1141 355 1218 suffragiis
370 1140 512 1201 licentiam
535 1144 706 1202 contionum.
729 1140 793 1200 Non
808 1151 920 1219 ternpus
935 1139 1088 1220 loquendi,
1104 1159 1162 1202 non
1176 1153 1218 1203 ta·
1310 1215 1311 1218 Ἴ

213 1224 297 1285 cendi
317 1223 473 1302 modestia,
495 1241 552 1285 non
567 1225 689 1305 denique
709 1224 828 1287 sedendi
848 1225 970 1303 dignitas
992 1224 1215 1286 custodiebatur.
1228 1235 1258 1285 to
1309 1223 1311 1276 i

187 1307 307 1387 tllugni
322 1308 445 1390 undique
465 1310 630 1388 dissonique
647 1310 802 1385 clamores,
817 1310 1024 1388 procurrebant
1037 1327 1135 1371 ornnes
1153 1327 1217 1370 cum

213 1395 272 1456 suis
291 1392 461 1471 candidatis,
484 1392 569 1455 multa
584 1396 695 1471 agmina
709 1396 737 1454 in
752 1392 846 1454 medio
861 1392 998 1472 multique
1015 1391 1115 1455 circuli
1131 1402 1161 1453 et
1175 1397 1217 1454 in·

212 1477 318 1536 decora
332 1477 477 1536 conlusio:
492 1477 564 1537 adeo
580 1476 790 1538 desciveramus
806 1495 822 1537 a
836 1477 1041 1538 consuetudine
1056 1488 1215 1558 parentum,

186 1559 661 1723 ⁵rtilliitlililltiit
676 1560 1029 1724 distulissetis
1039 1572 1216 1725 littiiii
1225 1661 1257 1712 15

212 1727 272 1789 dire
289 1728 373 1791 soleo
388 1728 463 1788 bunc
478 1728 605 1788 ordinent
627 1731 816 1790 comitiorum:
839 1730 925 1790 citato
943 1731 1057 1790 nomine
1075 1729 1216 1791 candidati

212 1812 353 1874 silentium
368 1829 517 1880 summum:
533 1812 646 1873 dicebat
657 1815 720 1892 ipse
731 1829 783 1892 pro
795 1831 839 1892 se,
856 1813 1017 1892 explicabat
1026 1814 1112 1874 vitam
1122 1831 1214 1893 snm,

211 1905 303 1956 testes
322 1906 352 1956 et
371 1896 533 1957 laudatores
553 1897 651 1973 dabat,
674 1894 722 1957 vel
744 1914 809 1958 eum
830 1897 883 1958 sub
904 1914 961 1975 quo
982 1895 1150 1958 militaverat
1164 1898 1214 1958 vel

211 1997 277 2039 eum
298 1981 343 2038 cui
363 1989 499 2058 quaestor
519 1980 611 2041 iuerat
631 1981 679 2040 vel
700 1990 863 2059 utrumque,
891 1983 915 2040 si
936 1989 1067 2058 poterat,
1089 1980 1213 2042 addebat

212 2062 348 2141 quosdam
368 2079 406 2123 ex
425 2064 674 2141 suffragatoribus:
695 2064 736 2126 ilb
757 2066 882 2142 graviter
895 2074 924 2125 et
939 2065 1038 2142 paucis
1053 2063 1256 2143 loquebar-uo
1309 2073 1310 2144 i

185 2154 264 2212 (itur.
292 2145 359 2209 Plus
373 2146 430 2206 boe
446 2165 529 2226 quarn
543 2166 647 2227 preces
662 2148 805 2226 proderat.
837 2146 1066 2226 Nonnumquam
1082 2148 1213 2212 eandida·
1309 2153 1310 2238 i

211 2239 256 2290 ms
270 2239 318 2289 aut
337 2229 446 2291 natales
467 2234 662 2311 competitoris
677 2243 724 2294 aut
738 2248 827 2293 annos
841 2242 888 2292 aut
903 2235 987 2293 etiam
1000 2249 1095 2292 mores
1109 2250 1213 2311 arque·
1309 2253 1310 2275 ¹

211 2315 266 2374 bat.
297 2313 438 2375 Audiebat
465 2326 579 2376 senatus
600 2319 736 2393 grauitate
762 2318 900 2378 censoria.
933 2314 975 2376 lta
997 2318 1113 2396 saepius
1133 2317 1212 2394 digni

185 2407 292 2477 tquam
308 2400 427 2478 gratiosi
441 2399 653 2476 praevalebant.
686 2399 768 2474 Quae
782 2417 858 2461 nunc
872 2399 1015 2462 inmodico
1030 2399 1131 2462 iarore
1147 2417 1212 2461 cor·

209 2493 308 2562 rupta,
330 2482 365 2543 ad
386 2485 471 2544 tacita
491 2483 624 2562 suffragia
644 2486 723 2562 quasi
742 2485 778 2544 ud
799 2482 954 2544 remedium
969 2482 1253 2555 decucurrerunt32u

209 2565 286 2646 quod
307 2568 418 2628 interim
437 2566 522 2646 plane
542 2568 698 2629 remedium
718 2569 784 2629 init:
807 2577 867 2628 erat
882 2569 1074 2629 orimnorum
1089 2568 1212 2628 etsnbi·

182 2658 274 2714 Stura.
294 2651 353 2710 Sed
365 2668 471 2712 vereor
485 2671 521 2712 ne
537 2652 713 2731 procedente
727 2661 857 2731 tempore
872 2669 909 2712 ex
923 2653 987 2729 ipso
1001 2651 1128 2713 remedio
1142 2654 1211 2713 vitia

208 2742 366 2793 nascantanr.
397 2732 451 2794 Est
470 2737 544 2795 euim
558 2735 717 2815 periculum
731 2753 768 2796 ne
783 2737 876 2796 tacitis
890 2735 1032 2814 suffragiis
1047 2735 1212 2816 inpudentia

208 2818 327 2894 inrepat.
346 2816 416 2876 Narn
432 2827 518 2895 quoto
535 2820 636 2897 cuique
652 2819 752 2879 eadem
763 2819 920 2882 honestatis
931 2837 999 2880 cura
1009 2829 1125 2882 secreto
1136 2837 1211 2899 qrrae

182 2897 321 2978 9palami
341 2899 423 2960 blulti
438 2901 554 2980 iamara,
572 2904 774 2964 conscientiam
787 2906 871 2983 pauei
886 2914 1029 2964 verentur.
1053 2903 1113 2964 Sed
1127 2905 1210 2963 nimis
1219 2917 1255 2972 ao

209 2984 266 3042 cito
288 2981 324 3042 de
340 2985 454 3044 bituris:
480 2985 590 3046 interim
605 2987 746 3049 beneficio
761 2987 928 3048 tabellarum
941 2987 1106 3048 babebimus
1121 2989 1209 3063 megi·

206 3075 309 3128 stratus
322 3069 369 3148 qui
380 3070 498 3130 maxime
509 3071 571 3132 lieri
582 3069 748 3132 debuerunt.
771 3070 843 3133 Nam
856 3079 886 3131 ut
900 3073 929 3131 in
942 3072 1156 3151 reciperatoriis
1166 3071 1209 3128 iu·

207 3149 287 3212 diciis
302 3154 346 3214 sic
360 3169 413 3212 nos
427 3155 456 3212 in
475 3153 519 3214 bis
541 3157 662 3216 comitiis
683 3157 762 3234 quasi
782 3165 902 3233 repente
917 3154 1088 3234 adprehensi
1103 3154 1210 3215 sinceri

166 3246 199 3298 10
206 3234 316 3298 iudices
327 3236 439 3298 luimus.
461 3234 540 3299 llaec
553 3239 604 3300 tibi
619 3240 733 3318 scripsi,
749 3241 879 3317 primurn,
892 3249 923 3299 ut
937 3237 1042 3318 aliquid
1057 3239 1125 3298 novi
1137 3238 1209 3298 scri·

206 3319 315 3399 berem,
332 3321 445 3399 deinde,
459 3331 491 3383 ut
505 3339 562 3384 non
573 3340 721 3402 numquam
735 3322 772 3382 de
787 3341 820 3382 re
834 3321 950 3402 publiea
962 3322 1108 3402 loquerer,
1125 3323 1207 3381 euius
1216 3329 1253 3384 35

205 3406 338 3465 materiae
359 3405 442 3466 nobis
458 3415 561 3485 quanto
575 3408 665 3466 rarior
678 3423 761 3485 quam
773 3408 921 3470 veteribus
936 3408 1051 3468 occasio
1065 3414 1143 3466 tanto
1156 3406 1208 3464 mi·

168 3496 258 3548 tlnus
279 3488 433 3548 omittenda
453 3499 506 3550 est.
540 3489 577 3550 Et
597 3488 721 3550 llercule
743 3508 892 3570 quousque
913 3491 962 3552 illa
981 3487 1210 3568 vulgerin‘quid

117 3599 123 3610 ·
206 3567 288 3647 aqisl
299 3570 404 3649 ecquid
415 3572 562 3632 commode
573 3571 691 3636 valesl’
704 3573 832 3635 Habeant
842 3585 956 3636 nostrae
969 3591 1083 3654 quoque
1094 3572 1210 3633 litterae
