2616 4096
238 296 298 360 168
663 293 695 355 G.
717 292 814 356 PllNl

238 450 320 510 bibus
336 449 482 526 turbines,
503 458 619 527 proruta
634 465 720 526 opera
736 447 838 524 quibus
855 447 982 525 pretiosa
1000 464 1065 506 rura
1080 445 1233 521 cinguntur,

240 542 369 612 quassata
384 531 476 610 adque
497 534 581 591 etiam
595 531 718 591 decussa
732 533 911 590 monimenta.
941 527 1022 588 llulti
1040 526 1180 588 eiusmodi
1194 544 1234 586 cu-

211 613 486 692 osibusdebilituti,
505 616 615 691 obruti,
633 613 745 689 obtriti,
769 622 798 673 ct
818 622 900 674 aucta
921 612 1044 672 luctibus
1060 611 1167 671 damna.
1195 607 1235 668 lle

239 699 306 779 quid
327 697 419 759 simile
440 701 504 758 istic
524 714 577 777 pro
597 715 729 758 mensura
744 696 865 775 periculi
883 712 987 756 vereor
1007 704 1095 774 teque
1111 711 1200 772 rogo,
1215 694 1235 752 si

239 782 306 842 nihil
327 781 401 858 tale,
423 799 505 858 quam
519 783 706 841 maturissime
720 779 903 841 sollicitudini
918 796 998 840 meae
1014 777 1166 854 consulas,
1188 776 1258 836 seda

240 875 269 925 et
283 869 307 925 si
321 865 396 942 tale,
412 863 440 922 id
457 880 571 944 quoque
585 866 708 925 nunties.
739 862 810 923 llam
827 863 940 942 paulum
954 862 1050 923 differt
1064 864 1180 941 patiaris
1194 859 1237 920 ad·

239 966 323 1008 versa
344 965 378 1006 an
399 957 568 1026 exspectes;
590 950 644 1009 nisi
662 947 738 1026 quod
753 956 847 1007 tamen
861 957 906 1007 est
921 945 1035 1007 dolendi
1049 945 1170 1022 modus,
1185 960 1239 1004 nou
1300 951 1302 1034 p

241 1042 286 1092 est
313 1031 439 1090 timendi.
470 1030 579 1092 Doleas
603 1031 678 1090 enim
699 1039 833 1108 quamam
852 1033 928 1090 scias
955 1028 1115 1106 accidisse,
1144 1031 1239 1089 timeas
1301 1037 1302 1050 ¹

242 1124 373 1194 quantum
388 1114 481 1192 possit
495 1115 636 1175 accidere.
669 1113 751 1173 Vale.

688 1245 792 1307 xvnr.
996 1319 1008 1325 ⁵

522 1344 549 1398 G.
573 1343 697 1395 PLINIUS
715 1343 831 1396 RUFINO
851 1342 912 1395 SUO
931 1343 957 1397 S.

217 1471 231 1521 l
302 1446 414 1506 Falsum
429 1454 473 1505 est
488 1448 615 1505 nimirum
626 1445 701 1524 quod
717 1445 842 1506 creditur
854 1444 954 1523 vulgo,
971 1453 1141 1505 testamenta
1154 1442 1239 1502 lromi·

241 1548 306 1590 num
321 1529 468 1608 speculum
484 1548 552 1590 csse
566 1546 683 1606 morum,
701 1549 764 1589 cum
770 1528 911 1589 Domitius
922 1527 1021 1588 'lullus
1036 1527 1124 1605 longe
1141 1525 1239 1587 melior
1301 1573 1302 1596 p

217 1615 402 1694 sappamerit
417 1621 507 1673 morte
522 1630 604 1693 quam
618 1615 684 1672 vita.
706 1611 776 1673 Nam
795 1629 858 1672 cum
868 1631 902 1673 se
914 1610 1081 1689 capiundum
1096 1611 1238 1689 praebuis·
1247 1621 1273 1672 lt
1301 1607 1302 1614 '

242 1707 303 1776 set,
324 1697 439 1775 reliquit
459 1696 542 1756 liliam
561 1696 713 1773 lreredem,
743 1714 817 1775 quae
838 1694 879 1754 illi
895 1713 958 1755 cum
972 1695 1059 1754 lratrc
1074 1695 1238 1768 communis,

243 1784 307 1861 quin
322 1781 445 1858 genitam
464 1780 550 1842 fratre
570 1779 764 1857 adoptaverat.
796 1778 968 1840 Prosecutus
982 1788 1028 1838 est
1042 1786 1167 1856 nepotes
1181 1776 1239 1855 plu-

242 1866 318 1924 rimis
332 1864 597 1943 iucundissimisque
618 1862 737 1941 legutis‚
763 1872 934 1942 prosecutus
956 1863 1040 1923 etiam
1061 1870 1239 1940 proneptem·

241 1948 273 2007 ln
289 1966 411 2025 summa,
427 1949 517 2008 omnia
534 1949 640 2025 pietate
651 1946 831 2025 plenissima,
855 1964 890 2007 ao
904 1954 982 2006 tanto
998 1947 1089 2023 magis
1109 1948 1239 2022 inexspe-

218 2039 318 2102 3ctata
333 2039 407 2089 sunt.
437 2028 516 2106 Ergo
531 2032 600 2090 varii
615 2039 674 2090 tota
697 2032 809 2090 civitate
831 2047 992 2091 sermones:
1019 2028 1065 2088 alii
1086 2028 1184 2088 lictum
1203 2030 1275 2086 tn-so

243 2123 352 2190 gratum
376 2114 558 2172 inmemorem
581 2113 732 2193 loquuntur
751 2131 841 2192 seque
858 2115 955 2191 ipsos,
985 2112 1049 2173 dum
1070 2113 1240 2172 insectantur

241 2196 331 2273 illum,
345 2197 514 2274 turpissimis
530 2197 758 2259 confessionibus
773 2195 911 2276 produnt,
932 2206 963 2258 ut
977 2197 1025 2275 qui
1039 2195 1076 2254 de
1091 2204 1173 2276 patre
1189 2210 1240 2254 avo

242 2297 350 2361 proavo
371 2282 451 2358 quasi
473 2279 509 2340 de
533 2281 605 2341 orbo
626 2290 793 2360 querantur:
814 2281 860 2342 alii
881 2291 979 2341 contra
1000 2281 1056 2340 lroo
1076 2281 1171 2359 ipsum
1185 2278 1240 2336 lau·

243 2366 324 2426 dibus
344 2364 439 2424 lerunt
459 2364 535 2442 quod
550 2367 587 2424 sit
597 2365 745 2425 imstrutus
757 2365 900 2443 improbas
914 2382 985 2444 spes
1000 2364 1154 2440 hominum,
1171 2377 1241 2440 quos

243 2451 286 2510 sic
308 2448 444 2527 decipere
468 2464 520 2525 pro
540 2448 665 2507 moribus
686 2457 844 2526 tempomm
865 2447 1012 2525 prudentia
1034 2455 1088 2507 est.
1127 2445 1276 2505 Addunttt

244 2534 327 2592 etiam
338 2547 395 2591 non
411 2531 501 2592 luisse
518 2533 545 2591 ei
558 2531 679 2593 liberum
692 2530 748 2591 ulio
764 2540 934 2592 testamento
948 2533 1034 2600 mori:
1058 2548 1153 2608 neque
1171 2530 1242 2588 cuin

243 2615 394 2695 reliquisse
409 2630 483 2694 opes
498 2613 589 2691 iuliae,
615 2615 667 2674 sed
686 2615 846 2675 reddidisse
862 2616 965 2693 quibus
977 2623 1077 2674 auctus
1091 2631 1145 2692 per
1161 2613 1242 2673 liliam

217 2699 346 2761 4luerat.
374 2696 445 2757 Nam
463 2696 597 2759 Curtilius
612 2696 738 2775 Mancia,
761 2715 883 2777 perosus
902 2716 1038 2776 generum
1052 2715 1133 2758 suum
1146 2695 1242 2757 Domi·

241 2783 308 2841 tium
323 2779 463 2841 Lucanum
477 2779 581 2856 (imter
593 2783 618 2843 is
636 2780 744 2860 Tulli),
769 2782 823 2841 sub
844 2801 879 2843 ea
893 2782 1054 2843 conditione
1071 2780 1154 2840 liliam
1170 2783 1242 2855 eius,

243 2873 357 2940 neptem
372 2881 461 2940 suam,
478 2866 636 2924 instituerat
648 2863 794 2940 heredem,
811 2867 836 2924 si
847 2874 926 2926 esset
938 2883 1019 2925 manu
1030 2867 1118 2945 patris
1129 2865 1278 2926 emisenae

242 2945 382 3007 Emiserat
397 2954 495 3024 pater,
517 2947 701 3027 adoptaverat
720 2958 853 3026 patruus,
874 2958 959 3026 atque
973 2949 1011 3009 ita
1029 2949 1242 3025 circumscripto
1299 3007 1300 3016 ,

243 3039 413 3092 testamento
435 3046 554 3091 consors
582 3031 669 3091 irater
688 3034 716 3091 iu
738 3035 825 3110 patris
848 3039 1020 3109 potestatem
1042 3032 1243 3110 emancipatam
1299 3079 1300 3096 2

244 3115 329 3176 liliam
345 3113 504 3192 adoptionis
524 3114 622 3174 fraude
639 3124 842 3190 revocaverat,
869 3122 899 3175 et
922 3115 1036 3194 quidem
1056 3133 1119 3174 oum
1141 3115 1244 3192 opibus
1299 3107 1300 3110 '

219 3197 434 3277 §amplissimis
466 3196 530 3258 Fuit
549 3196 654 3275 alioqui
668 3198 799 3258 iratribus
811 3197 869 3257 illis
884 3201 964 3276 quasi
978 3199 1036 3259 lato
1052 3199 1146 3259 datum
1160 3206 1192 3257 nt
1205 3198 1244 3257 di·

242 3285 318 3344 vites
332 3282 432 3342 fierent
446 3281 645 3342 invitissimisa
659 3281 761 3358 quibus
778 3280 845 3342 iacti
862 3290 935 3342 suut.
962 3281 1036 3354 Quin
1051 3284 1136 3342 etiam
1145 3279 1278 3344 ocni-ss

243 3367 298 3426 tius
314 3365 402 3442 dier,
425 3366 472 3442 qui
486 3363 552 3424 illos
559 3367 594 3424 in
607 3379 711 3422 nomen
727 3364 901 3444 adsumpsit,
919 3366 1035 3444 reliquit
1045 3374 1244 3425 testamentum

244 3457 309 3508 ante
325 3447 428 3507 decem
445 3457 474 3507 et
489 3457 556 3507 octo
573 3463 661 3506 annos
675 3456 864 3526 nuncupatum
884 3448 1015 3527 adeoque
1030 3457 1132 3528 postea
1149 3449 1243 3526 inpro-

217 3531 337 3593 ebatum
351 3531 403 3590 sibi
419 3539 450 3588 ut
468 3532 553 3606 patris
571 3545 667 3588 eorum
683 3531 757 3590 bona
772 3531 978 3608 proscribenda
995 3532 1146 3592 curaverit.
1175 3530 1243 3591 llira

1247 1204 1273 1252 lll
