2616 4096
193 283 255 350 174
617 283 652 346 0.
672 283 768 345 Pthl

166 441 333 504 bobserves
354 446 402 496 aut
421 438 496 497 scias
516 435 627 500 melius.
660 434 762 512 Cogita
783 445 812 495 te
833 437 948 496 missum
968 436 997 494 in
1018 436 1194 513 provinciam

191 517 335 592 Achaiam,
347 517 424 578 illam
434 536 530 577 veram
542 528 570 578 et
581 533 684 577 meram
693 516 850 594 Graeciam,
862 519 889 577 in
902 536 956 596 qna
968 517 1088 598 primum
1098 517 1195 574 huma·

190 604 274 679 nitas,
287 601 409 678 litterae,
422 603 506 662 etiam
517 601 616 680 fruges
628 601 759 660 inventae
771 618 838 660 esse
851 601 1018 668 creduntur;
1030 601 1147 658 missum
1159 597 1195 658 ad

192 685 374 746 ordinandum
388 694 490 746 statum
501 685 652 746 liberarum
664 685 823 761 civitatum,
835 682 864 744 id
875 695 936 762 est,
948 685 983 744 ad
994 685 1126 744 homines
1137 700 1195 742 ma-

190 771 266 830 xime
278 768 423 844 homines,
439 769 475 828 ad
487 769 595 829 liberos
606 769 725 828 maxime
737 766 857 846 liberos,
870 769 945 846 qnod
956 769 1000 829 ius
1012 776 1136 829 amatura
1146 766 1219 826 ‹tu-5

190 864 248 915 tum
259 854 379 929 virtute,
398 855 522 928 meritis,
542 853 673 928 amicitia,
691 850 811 912 loedere
823 851 947 932 denique
958 862 988 913 et
997 851 1141 929 religione
1150 860 1194 910 te·

164 943 319 996 suberunt.
338 942 481 996 Reverere
495 937 659 997 conditores
672 934 742 995 deos
754 944 784 995 et
793 939 904 996 nomina
915 936 1043 1011 deorum,
1055 953 1195 996 reverere

192 1016 313 1093 gloriam
331 1022 461 1073 veterem
481 1023 511 1074 et
528 1013 601 1073 bauo
616 1015 705 1093 ipsam
717 1023 912 1091 senectutem,
935 1033 1008 1094 quae
1028 1017 1057 1074 in
1076 1015 1192 1075 homine

191 1095 373 1173 venerabilis,
391 1098 419 1155 in
433 1097 549 1157 urbibus
564 1114 654 1158 sacra.
675 1097 719 1158 Sit
733 1096 807 1176 apud
821 1107 851 1156 te
866 1097 956 1157 honor
970 1101 1137 1177 antiquitati,
1154 1100 1192 1160 sit

191 1180 353 1259 ingentibus
374 1180 474 1257 iactis,
495 1183 531 1240 sit
545 1179 648 1240 fabulis
663 1196 789 1258 quoque.
819 1179 895 1239 Nihil
910 1199 949 1241 ex
970 1183 1135 1260 cuiusquam
1149 1182 1191 1242 di·
1200 1189 1232 1240 lo

192 1267 315 1343 gnitate,
336 1263 404 1323 nihil
419 1283 456 1324 ex
469 1263 617 1341 libertate,
639 1264 707 1323 nihil
721 1267 804 1325 etiam
819 1282 855 1322 ex
866 1263 1016 1329 iactatione
1034 1263 1191 1344 decerpse-

168 1351 244 1412 4ris.
276 1347 356 1408 Habe
377 1358 441 1407 ante
463 1347 565 1408 oculos
585 1347 657 1408 hanc
674 1366 741 1408 esse
760 1356 863 1406 terram
883 1365 956 1425 quae
975 1349 1058 1408 nobis
1082 1350 1192 1409 miserit

192 1435 269 1508 iura,
291 1449 364 1509 quae
383 1430 465 1508 leges
485 1449 541 1491 nou
560 1432 644 1490 vietis
664 1430 716 1492 sed
731 1431 892 1510 petentibus
912 1430 1040 1509 dederit,
1062 1431 1191 1493 Athenas

192 1533 260 1576 esse
276 1532 345 1593 quas
357 1512 453 1590 adeas,
468 1512 707 1576 Lacedaemonem
718 1533 785 1575 esse
800 1533 882 1592 quam
892 1532 993 1592 regau
1009 1516 1111 1593 quibus
1122 1515 1190 1576 reli·

192 1615 275 1677 quam
289 1597 412 1657 umbram
432 1606 462 1658 et
481 1596 623 1658 residuum
641 1597 778 1659 libertatis
792 1615 893 1658 nomen
907 1600 1020 1677 eripere
1034 1597 1131 1658 durum
1146 1599 1189 1660 ie·
1199 1603 1230 1654 lo

166 1696 253 1748 erum
271 1682 418 1743 barbarum
431 1691 483 1742 est.
510 1681 599 1743 Vides
613 1699 629 1741 a
643 1681 771 1759 medicis,
788 1699 952 1759 quamquam
966 1684 994 1742 in
1008 1682 1128 1743 adversa
1141 1701 1190 1743 va·

192 1766 308 1826 litudiue
328 1765 395 1825 nihil
416 1768 491 1826 servi
512 1783 547 1826 ac
560 1765 642 1826 liberi
664 1765 809 1842 differant,
835 1764 948 1826 mollius
969 1776 1062 1825 tamen
1079 1765 1189 1826 liberos

194 1850 417 1927 clementiusque
431 1851 551 1909 macari.
574 1847 738 1910 Recordare
752 1849 818 1926 quid
833 1866 962 1926 quaeque
977 1851 1076 1910 civitas
1091 1849 1188 1925 luerit,

191 1950 249 1992 non
272 1941 302 1990 ut
326 1931 468 2010 despicias
490 1932 565 2010 quod
586 1950 652 1993 esse
674 1931 803 1992 desierit:
834 1932 907 1992 absit
926 1933 1060 2012 superbia
1078 1935 1188 2011 asperi·

165 2025 242 2081 otas.
266 2012 329 2073 Nec
341 2015 466 2074 timueris
482 2024 681 2092 contemptum.
709 2015 753 2074 An
767 2016 954 2076 contemnitur
968 2017 1016 2095 qui
1029 2017 1187 2095 imperium,
1197 2015 1229 2066 2⁰

192 2099 238 2176 qui
253 2096 350 2156 iasoes
361 2095 457 2172 habet,
473 2099 527 2156 nisi
542 2098 653 2157 humilis
669 2109 698 2159 et
714 2098 844 2160 sordidus
858 2108 887 2158 et
902 2101 948 2177 qui
961 2119 993 2159 se
1006 2101 1113 2178 primus
1124 2100 1189 2178 ipse

192 2178 366 2241 contemnit?
383 2179 457 2240 blale
472 2183 528 2240 vim
545 2199 624 2242 suam
634 2192 762 2260 potestas
776 2181 894 2243 aliorum
910 2182 1087 2244 coutumeliis
1099 2201 1190 2262 expe·

190 2266 276 2341 uitur,
301 2263 374 2324 male
392 2272 501 2324 terrore
520 2267 666 2327 veneratio
688 2266 857 2344 adquiritur,
883 2267 1028 2345 longeque
1049 2266 1190 2327 valentior

191 2366 269 2410 amor
286 2347 320 2407 ad
340 2348 521 2426 optinendum
541 2349 617 2429 quod
630 2349 703 2410 velis
718 2368 800 2428 quam
812 2352 905 2410 timor.
934 2349 1005 2410 Nam
1021 2352 1104 2409 timor
1118 2350 1188 2426 abit,

192 2435 216 2494 si
230 2431 361 2508 recedas,
377 2441 470 2491 manet
485 2450 580 2510 amor,
595 2451 629 2492 ac
644 2434 719 2495 sicut
732 2433 782 2492 ille
796 2435 825 2492 in
840 2432 933 2493 odium
947 2433 994 2494 bic
1008 2435 1036 2492 in
1051 2441 1229 2494 reveren-25

166 2519 255 2582 ttiam
269 2517 398 2576 vertitur.
428 2514 469 2575 Te
483 2533 554 2576 vero
570 2518 652 2576 etiam
667 2526 752 2596 atque
766 2517 849 2576 etiam
865 2518 1008 2597 (repetam
1022 2517 1112 2595 euim)
1128 2535 1189 2576 me·

190 2602 306 2659 minisse
328 2608 442 2678 oportet
466 2601 552 2660 oltioii
573 2601 613 2660 tui
635 2599 745 2659 titulum
764 2617 799 2660 ac
818 2601 868 2661 tibi
889 2602 982 2680 ipsum
993 2601 1188 2680 interpretari,

192 2683 275 2761 quale
287 2692 474 2762 quantumque
487 2685 523 2744 sit
535 2684 663 2744 ordinare
672 2694 774 2744 statum
782 2683 933 2744 liberarum
944 2685 1095 2744 civitatum.
1116 2682 1189 2743 Nam

164 2764 259 2843 equid
281 2765 455 2826 ordinatione
477 2763 610 2828 civilius?
644 2766 711 2845 quid
737 2765 869 2828 libertate
890 2765 1065 2846 pretiosius?
1098 2767 1188 2827 Porro

191 2864 273 2927 quam
288 2855 382 2926 turpe,
397 2850 422 2908 si
436 2848 572 2910 ordinatio
587 2850 748 2927 eversione,
764 2849 881 2912 libertas
896 2852 1033 2912 servitute
1044 2847 1230 2911 muteturiito

190 2929 312 2992 Accedit
326 2929 402 3009 quod
421 2932 474 2991 tibi
496 2942 640 2994 certamen
663 2944 708 2995 est
728 2942 837 2994 tecum:
864 2943 962 2994 onerat
973 2943 1002 2994 te
1018 2945 1189 3012 quaesturae

189 3024 254 3076 tuae
271 3012 359 3092 fama,
380 3031 463 3094 quam
479 3033 517 3075 ex
530 3016 658 3092 Bithynia
674 3019 806 3096 optimam
819 3019 972 3094 revexisti,
994 3029 1093 3078 onerat
1107 3019 1188 3079 teeti·

191 3099 314 3158 monium
329 3099 476 3177 principis,
491 3109 589 3160 onerat
602 3101 769 3178 tribunatus,
781 3110 923 3180 praetura,
939 3111 1023 3179 atque
1037 3101 1109 3162 haec
1124 3103 1190 3180 ipsa

164 3181 296 3260 plegado
318 3183 396 3259 quasi
415 3183 568 3260 praemium
590 3183 661 3244 data.
693 3183 758 3257 Quo
772 3187 862 3262 magis
881 3184 1024 3244 nitendum
1044 3193 1089 3245 est
1108 3203 1145 3244 ue
1160 3187 1189 3244 iu

191 3264 346 3342 longinqua
357 3267 502 3342 provincia
517 3284 599 3344 quam
614 3267 783 3346 suburbana,
797 3287 835 3328 ne
847 3270 921 3329 inter
933 3270 1092 3328 servientes
1105 3277 1230 3346 quanm

191 3348 316 3425 liberos,
338 3367 375 3408 ne
393 3357 471 3408 sorte
489 3367 571 3427 quam
588 3349 690 3409 iudicio
704 3353 818 3427 missus,
835 3370 870 3410 ne
886 3351 963 3411 rudis
979 3359 1008 3410 et
1025 3353 1188 3429 incognitus

191 3449 274 3509 quarn
286 3431 451 3509 exploratus
466 3432 659 3510 probatusque
677 3432 822 3494 humanior
840 3434 943 3495 melior
961 3435 1080 3511 peritior
1096 3435 1189 3494 luisse

190 3513 326 3579 videaris:
344 3531 407 3572 cum
422 3516 457 3573 sit
471 3515 587 3593 alioqui,
603 3525 632 3576 ut
647 3533 735 3594 saepe
747 3516 860 3595 audisti,
875 3535 963 3596 saepe
978 3517 1086 3595 legisti,
1100 3517 1189 3578 multo
