2632 4096
617 255 652 319 (i.
674 253 772 318 Pthl

601 404 606 414 ¹
646 408 725 470 vll.

381 510 408 562 o.
428 508 553 562 rnmms
571 409 871 560 uuruuoluanmuo
890 504 952 558 suo
970 505 997 556 s.

165 644 180 695 1
256 628 410 690 Gratularis
431 627 498 686 mihi
519 625 596 706 quod
615 628 777 703 acceperim
793 633 967 702 auguratum.
996 620 1060 681 Iure
1075 622 1201 700 gratula-

187 715 246 791 ris,
268 715 404 792 primum,
428 710 504 789 quod
526 711 685 788 gravissimi
700 709 837 786 principis
852 707 987 767 iudicium
1001 708 1029 764 in
1041 706 1199 768 minoribus

189 799 275 875 etiam
292 796 378 856 rebus
397 796 536 872 consequi
551 791 701 871 pulchrum
712 801 769 870 est,
787 790 901 868 deinde,
918 789 994 868 quod
1005 790 1223 850 sacerdotiumd

190 883 286 959 ipsum
309 897 373 938 cum
395 879 520 955 priscum
547 888 577 937 et
594 875 763 954 religiosum
783 884 841 935 tum
862 875 920 934 hoc
942 891 1057 952 quoque
1085 892 1202 934 sacrum

164 963 280 1042 aplane
304 972 334 1022 et
358 963 471 1038 insigne
492 969 539 1022 est
566 959 644 1039 quod
668 976 724 1018 non
750 959 880 1019 adimitur
902 959 1020 1017 viventi.
1053 955 1125 1017 Nam
1144 958 1201 1019 alia

191 1063 360 1125 quamquam
378 1043 514 1122 dignitate
529 1043 735 1123 propemodum
749 1045 826 1123 paria
841 1051 871 1101 ut
887 1042 1047 1101 tribuuntur
1061 1044 1104 1102 sie
1119 1043 1200 1104 aufe·

164 1139 308 1207 3runtur,
333 1131 361 1188 in
383 1129 438 1188 hoc
461 1127 591 1188 fortunae
614 1128 752 1188 haetenus
776 1126 845 1187 iicet
867 1135 899 1185 ut
922 1125 980 1185 dari
999 1127 1100 1203 possit.
1130 1122 1201 1186 Mihi

189 1231 261 1274 vero
281 1212 352 1273 iilud
376 1214 460 1273 etiam
480 1211 669 1290 gratulatione
693 1211 807 1288 dignum
826 1209 939 1269 ridetur
967 1208 1044 1288 quod
1067 1213 1246 1277 successim

190 1297 264 1358 lulio
279 1297 427 1375 Frontino,
444 1298 567 1376 principi
582 1298 656 1373 viro,
674 1297 722 1374 qui
736 1313 781 1356 me
798 1295 996 1354 nominationis
1014 1293 1059 1353 die
1075 1311 1127 1372 per
1144 1295 1199 1357 hos

190 1384 341 1442 continuos
360 1398 449 1441 annos
471 1383 545 1440 inter
569 1380 725 1440 sacerdotis
747 1379 926 1456 nominabat,
950 1386 1089 1456 tamquam
1109 1380 1139 1438 in
1155 1379 1200 1439 lo·

191 1484 255 1526 curu
276 1482 359 1526 suum
381 1473 545 1542 cooptaret;
571 1462 647 1542 quod
669 1481 742 1522 nunc
764 1471 885 1523 eventus
904 1463 942 1522 ita
964 1460 1151 1540 conprobavit
1167 1473 1201 1522 ut

164 1560 249 1613 anon
264 1549 410 1609 iortuitum
424 1545 576 1607 videretur.
608 1545 649 1606 Te
663 1546 793 1625 quidem,
808 1555 839 1606 ut
856 1547 969 1622 scribis,
985 1545 1022 1604 ob
1039 1545 1095 1605 hoc
1109 1549 1199 1606 maxi-

191 1651 237 1693 me
255 1631 380 1692 delectat
394 1639 546 1709 auguratus
568 1649 649 1690 meus
666 1630 743 1708 quod
761 1626 800 1689 M.
818 1629 928 1690 Tullius
943 1646 1034 1707 augur
1047 1629 1107 1689 init.
1126 1629 1244 1692 Lae-15

193 1719 261 1777 taris
282 1719 357 1776 enim
373 1715 451 1795 quod
466 1714 623 1774 honoribus
647 1716 710 1774 eius
729 1715 857 1776 insistam
878 1731 962 1792 quem
983 1712 1117 1774 aemulari
1139 1723 1205 1774 stu··

164 1813 180 1865 5
194 1801 247 1861 diis
264 1803 359 1880 cupio.
393 1799 450 1860 Sed
466 1800 586 1875 utinam,
607 1807 638 1858 ut
654 1797 845 1858 sacerdotium
861 1796 953 1874 idem,
972 1806 1003 1856 ut
1020 1797 1199 1858 consulatum

191 1884 280 1944 multo
296 1886 379 1943 etiam
393 1885 521 1951 iuvenior
536 1899 619 1960 quam
632 1881 681 1941 ilie
699 1899 761 1942 sum
778 1890 969 1957 consecutus,
984 1883 1023 1941 ita
1038 1900 1127 1941 senex
1142 1881 1199 1942 sal·

161 1979 179 2033 6
192 1977 250 2028 tem
267 1968 410 2044 ingenium
425 1968 487 2026 eius
502 1965 595 2044 aliqua
612 1983 648 2025 ex
664 1975 743 2043 parte
759 1964 877 2042 adsequi
893 1963 1025 2043 possem!
1045 1963 1104 2024 Sed
1116 1967 1199 2025 nimi-

192 2068 271 2127 rum,
294 2057 447 2127 quaesunt
466 2049 748 2109 iumanuhominum
768 2058 797 2110 et
818 2048 884 2107 mihi
902 2059 931 2108 et
953 2048 1046 2108 multis
1068 2051 1245 2126 contige-20

191 2143 268 2211 runt,
283 2131 354 2192 illud
370 2151 440 2192 uero
452 2143 482 2194 ut
496 2135 588 2212 apisci
604 2133 719 2193 arduum
734 2135 776 2192 sic
791 2135 874 2192 etiam
890 2149 1008 2212 sperare
1022 2133 1137 2192 nimium
1151 2143 1198 2193 est

192 2217 269 2296 quod
287 2217 346 2278 dari
360 2217 482 2278 nonnisi
498 2236 514 2276 a
531 2214 584 2278 diis
599 2226 706 2296 potest.
738 2215 818 2276 Vale.

405 2465 432 2516 G.
452 2465 576 2518 PLINIUS
592 2367 750 2517 GORhilhhhllh)
769 2463 853 2518 URSO
869 2463 929 2518 SUO
948 2463 974 2518 S.
1205 2513 1241 2566 ᾖ

169 2599 183 2649 1
256 2585 375 2648 Causam
392 2603 445 2664 per
463 2587 517 2647 hos
532 2585 594 2646 dies
611 2586 679 2647 dixit
696 2583 784 2646 lulius
797 2583 915 2662 Bassus,
930 2584 1015 2644 homo
1034 2583 1196 2646 laboriosus

191 2682 221 2730 et
236 2670 363 2730 adversis
379 2672 438 2730 suis
453 2669 556 2730 clarus.
578 2669 739 2729 Accusatus
754 2677 800 2728 est
815 2670 869 2728 suh
881 2669 1058 2748 Vespasiano
1072 2685 1089 2726 a
1102 2670 1197 2746 priva·

190 2755 227 2814 tis
249 2751 377 2828 duobus,
401 2752 436 2811 ad
451 2761 579 2812 senatum
591 2755 728 2813 remissus
745 2753 791 2812 diu
806 2752 961 2832 pependit,
985 2751 1096 2813 tandem
1110 2751 1195 2812 ahso-

165 2836 268 2898 tlutus
282 2834 508 2913 vindicatusque.
534 2833 626 2894 Titum
646 2838 735 2896 timuit
751 2845 782 2896 ut
795 2835 947 2896 Domitiani
963 2837 1087 2912 meus,
1105 2834 1195 2896 aDo·

190 2919 303 2980 mitiano
325 2916 470 2995 relegatus
493 2927 554 2978 est:
580 2929 733 2981 revocatus
751 2938 767 2979 a
783 2918 879 2980 Nerva
901 2921 1077 2997 sortitusque
1097 2919 1237 2994 Bithy-su

190 3005 264 3063 niam
285 3001 369 3062 rediit
389 3019 474 3081 reus,
492 3011 643 3063 accusatus
663 3022 720 3064 non
739 3005 830 3064 minus
850 3005 955 3065 aeriter
975 3021 1058 3081 quam
1072 3002 1197 3064 fideliter

190 3087 335 3148 defensus.
363 3085 461 3148 Varias
477 3089 632 3148 sententias
652 3088 766 3163 habuit,
786 3085 884 3166 plures
900 3097 994 3148 tamen
1008 3088 1088 3166 qnasi
1102 3088 1195 3146 mitio·

165 3181 249 3235 ores.
279 3168 347 3248 Egit
362 3178 460 3230 contra
475 3189 540 3231 eum
555 3169 726 3250 Pomponius
741 3170 849 3250 Ruhrs,
871 3173 915 3230 vir
930 3180 1043 3250 paratus
1060 3179 1090 3230 et
1106 3170 1196 3232 vehe-

189 3274 284 3316 mens:
299 3253 376 3314 Ruio
389 3256 533 3318 suecessit
549 3254 750 3335 Theophanes,
765 3273 837 3316 unus
854 3273 891 3314 err
905 3254 1026 3333 legatis,
1042 3254 1090 3314 iar
1108 3271 1195 3316 accu-

163 3341 308 3402 dsutionis
326 3347 355 3398 et
370 3341 462 3416 origo.
488 3338 636 3418 Respondi
650 3357 718 3416 ego.
747 3337 817 3398 Nam
831 3339 897 3398 mihi
912 3338 1018 3400 Bassus
1034 3340 1238 3402 iniunxerat&

188 3432 218 3482 ut
238 3423 326 3482 totius
347 3421 522 3484 defensionis
542 3421 721 3483 fundamenta
738 3423 880 3500 iacerem,
906 3422 1032 3482 dicerem
1053 3421 1088 3481 de
1111 3441 1193 3482 orna-

189 3507 291 3565 mentis
311 3505 390 3583 suis,
414 3523 486 3583 quae
509 3504 551 3564 illi
568 3514 597 3565 et
616 3524 654 3566 er
675 3507 790 3583 generis
814 3505 940 3566 claritate
958 3516 987 3566 et
1002 3524 1039 3566 ex
1053 3503 1194 3583 perieulis
