2632 4096
214 284 256 351 82
300 379 303 386 ι
435 332 438 340 ,
640 275 674 340 G.
692 275 790 344 Pbttu

213 432 391 576 maminotihi’
414 431 462 492 illa
491 428 567 509 quod
587 447 633 489 me
653 427 707 492 sibi
722 427 852 504 dederis,
875 428 955 506 quasi
977 427 1097 487 invicem
1118 427 1223 506 elege-

214 537 264 579 rrs.
351 534 377 576 e.

439 743 466 803 0·
485 739 610 798 PLINIUS
626 643 870 796 dunig-nmmo
889 738 950 795 SUO
968 740 996 791 S.
1233 771 1250 822 5

191 859 203 911 ι
278 843 353 919 Quid
367 844 506 904 senserim
524 841 559 902 de
573 839 694 920 singulis
712 843 768 901 tuis
782 840 862 901 libris
876 850 974 901 notum
988 841 1058 917 tibi,
1074 849 1105 900 ut
1119 859 1221 918 quem·

214 948 271 1010 que
291 927 480 1007 perlegeram,
504 925 576 985 leci:
601 926 703 1002 accipe
718 943 793 984 nunc
808 925 877 1004 quid
891 925 927 984 de
941 927 1084 986 universis
1096 943 1221 1001 genera-

188 1013 279 1075 ‘llltor
293 1011 425 1071 iudicem.
448 1009 502 1071 list
518 1027 590 1087 opus
606 1007 764 1090 pulchrum,
778 1008 911 1086 validum,
926 1026 1004 1085 ecre,
1020 1007 1152 1085 sublime,
1168 1026 1220 1068 va—

214 1097 303 1176 rium,
323 1092 458 1172 elegans,
482 1111 600 1172 purum,
628 1093 793 1170 figuratum,
815 1094 973 1171 spatiosum
994 1095 1078 1152 etiam
1097 1101 1127 1152 et
1152 1109 1220 1151 enm

214 1196 314 1256 magne
331 1187 379 1238 tua
395 1177 478 1238 laude
494 1177 643 1254 diffusum,
666 1178 694 1237 in
709 1193 764 1254 quo
779 1185 810 1236 tu
827 1178 934 1253 ingenii
955 1175 1038 1237 simul
1054 1173 1222 1254 dolorisque
1233 1192 1267 1243 rc

214 1262 289 1324 velis
303 1262 438 1324 latissime
457 1271 558 1324 vectus
571 1280 614 1322 es.
636 1259 742 1320 llorum
753 1268 901 1338 utrumque
919 1262 1040 1320 invicem
1056 1259 1220 1319 adiumento

191 1346 280 1410 eluit.
300 1345 371 1406 Nam
386 1345 479 1407 dolori
495 1342 696 1406 sublimitatem
711 1353 739 1404 et
752 1344 989 1420 magnificentiam
1003 1344 1157 1420 ingenium,
1176 1344 1221 1403 in·
1312 1393 1313 1408 ,

215 1432 302 1508 genio
317 1431 374 1489 uim
389 1438 418 1489 et
435 1427 645 1489 amaritudinem
660 1425 742 1486 dolor
756 1426 870 1486 addidit.
901 1427 983 1487 Vale.
1086 1473 1089 1480 .
1312 1421 1313 1436 ¹

678 1559 757 1620 xxl.
1232 1614 1265 1668 re

443 1659 471 1716 o.
489 1641 613 1710 rurnms
629 1658 726 1709 vsmo
746 1657 874 1710 cunmnr
891 1655 951 1708 suo
971 1659 997 1710 a.

126 1767 140 1790 ⁸
193 1741 207 1794 ¹
276 1761 397 1823 Tristem
414 1759 702 1838 etaoerbumlcasnm
716 1758 910 1820 Helvidiarum
926 1759 1069 1822 sororum!
1090 1735 1219 1840 Utraque

192 1823 231 1909 2ι
254 1856 351 1925 partu,
374 1855 494 1924 utraque
516 1843 601 1904 liliam
621 1847 703 1906 enixa
723 1843 861 1904 decessit.
891 1842 1019 1905 Adlicior
1041 1844 1140 1906 dolore
1161 1865 1220 1906 nee

214 1939 308 1992 tanen
326 1947 410 2007 supra
426 1928 538 1988 modum
553 1927 653 1989 doleo:
675 1930 714 1988 ita
736 1927 803 1986 mibi
825 1927 986 1989 luctuosum
1006 1929 1118 1990 videtur
1141 1929 1220 2007 quod

215 2010 326 2091 puellas
343 2012 557 2076 honestissimas
579 2013 608 2071 in
627 2011 699 2075 llore
721 2013 812 2090 primo
828 2011 987 2072 fecunditas
1003 2012 1127 2074 abstulit.
1159 2012 1265 2080 alu-20

215 2112 269 2174 gor
283 2095 429 2158 infantium
441 2104 539 2173 sorte,
561 2113 634 2173 quae
654 2104 719 2160 sunt
739 2095 903 2172 parentibus
922 2099 1017 2158 stetim
1038 2106 1067 2156 et
1088 2096 1153 2157 dum
1168 2115 1218 2160 ns·

215 2188 333 2244 scrutur
344 2180 469 2254 orbatae,
486 2196 575 2256 angor
586 2181 758 2257 optimorum
767 2180 939 2258 maritorum,
954 2197 1045 2259 angor
1056 2183 1141 2242 etlam
1152 2199 1219 2248 naso

188 2263 337 2327 anenno.
369 2261 439 2324 Nam
456 2271 565 2341 patrem
585 2263 694 2326 illarum
716 2262 879 2324 defunctum
900 2281 1014 2342 quoqne
1028 2283 1219 2344 persevera·

215 2347 326 2412 tissime
341 2346 441 2424 diligo,
458 2355 489 2406 ut
503 2349 616 2410 actione
628 2366 693 2410 men
707 2347 845 2425 librisque
861 2357 992 2412 testatum
1009 2359 1067 2418 est;
1084 2351 1130 2409 cui
1142 2368 1218 2412 nuno

215 2449 288 2496 unus
304 2431 443 2494 extribus
460 2429 558 2492 liberis
579 2440 714 2511 superest
734 2430 904 2509 domumque
921 2432 1050 2510 pluribus
1063 2433 1261 2504 adminicu-zs

192 2513 253 2582 tlu'u
270 2515 355 2593 paulo
369 2523 433 2580 ante
449 2514 588 2576 lundatam
604 2515 749 2578 desolatus
764 2514 844 2574 fulcit
857 2533 892 2576 ac
905 2519 1034 2578 sustinet.
1057 2516 1162 2594 Magno
1177 2528 1218 2580 tu·

214 2616 279 2662 tuen
292 2600 418 2667 lomento
435 2597 519 2660 dolor
532 2618 613 2663 mous
626 2599 804 2678 adquiescet,
820 2600 845 2664 si
861 2598 936 2662 buno
953 2600 1053 2665 saltem
1069 2601 1174 2663 iortem
1189 2611 1218 2664 et

214 2682 385 2752 incolumem
406 2700 560 2760 paremque
585 2682 628 2747 illi
651 2685 740 2762 patri,
765 2681 806 2745 illi
831 2700 887 2749 avo
911 2685 1025 2748 lbrtuna
1048 2694 1217 2748 servaverit.
1312 2745 1313 2772 ,

217 2763 306 2832 Cuius
328 2782 458 2844 egoque
479 2765 590 2844 salute,
619 2785 672 2845 pro
698 2766 824 2830 moribus
845 2765 901 2830 boo
924 2787 986 2830 sum
1007 2771 1097 2847 magis
1116 2771 1216 2832 anxius
1312 2775 1313 2806 ¹

187 2849 291 2928 equod
307 2850 409 2910 unicius
426 2849 518 2914 lucrm
540 2859 594 2912 est.
626 2850 709 2915 Nosti
731 2853 760 2914 in
777 2867 872 2911 amore
893 2851 1039 2915 mollitiam
1051 2856 1133 2915 animi
1148 2855 1259 2932 moise
1312 2899 1313 2910 ,

215 2933 290 2997 nosti
304 2943 411 3004 metues
427 2949 487 3012 quo
502 2935 595 2998 miuus
610 2943 640 2996 tc
655 2936 748 2999 mirari
764 2935 910 3012 oportebit
924 2937 1001 3016 quod
1018 2936 1166 3016 plurimum
1181 2940 1218 2999 ti·
1312 2939 1313 2972 ³

214 3034 306 3080 meam
321 3016 357 3078 de
372 3035 429 3096 quo
442 3017 591 3096 plurimam
605 3036 703 3097 spero.
734 3018 817 3080 Vale.

672 3149 764 3212 xxfl.

420 3249 446 3301 c.
463 3249 587 3302 mumus
606 3249 787 3300 sennnomo
803 3249 887 3302 nuno
907 3250 966 3302 suo
984 3251 1009 3302 s.
1226 3282 1260 3338 3,

192 3363 203 3415 1
273 3350 393 3416 luteriui
412 3354 548 3431 principis
569 3353 666 3430 optimi
689 3354 862 3430 cognitioni,
883 3355 913 3414 in
934 3353 1084 3416 consilium
1105 3355 1218 3418 adsum

214 3445 291 3515 ptus.
315 3433 467 3510 Gymnicus
479 3453 554 3514 agon
564 3434 639 3514 apud
649 3435 829 3499 Viennenses
842 3455 879 3498 ex
890 3437 1035 3500 cuiusdam
1045 3447 1219 3502 testamento

215 3517 421 3580 celebrabatur.
448 3518 529 3580 llunc
544 3517 702 3580 Trebonius
716 3519 850 3598 Rufinus,
863 3522 907 3583 vir
924 3524 1060 3599 egregius
1075 3523 1219 3602 nobisque
1312 3587 1313 3598 ,
