2632 4096
169 315 231 382 134
589 312 623 378 0.
645 312 743 375 l'blNl

169 466 316 530 admodum
333 467 477 547 coeperim
492 465 631 544 scribere,
648 466 744 544 bomo,
760 474 790 526 ut
805 466 855 526 tibi
869 465 979 546 videor,
992 483 1124 544 severas,
1142 474 1173 528 ut

145 554 233 635 bipsc
247 552 350 629 iateor,
365 568 422 610 nou
437 553 558 629 ineptus.
585 548 743 628 Numquam
758 552 903 628 apoittice
921 550 1020 628 (altius
1038 553 1112 610 euim
1126 568 1172 610 re·

170 636 281 715 petam)
310 635 418 696 alienus
445 633 502 703 iui;
528 634 701 711 quinetiam
726 633 950 711 quattuordecim
974 643 1058 696 uatus
1081 649 1172 694 anuos

171 719 306 780 Graecam
319 717 492 796 tragoediam
507 718 619 796 scripsi.
643 714 783 790 Qualem?
798 719 899 797 inquis.
921 715 1044 778 Nescio:
1059 725 1172 794 tragoe-

137 813 155 869 e
170 803 214 864 dla
228 802 390 862 uocabatur.
412 799 490 878 llox,
507 817 571 859 cum
588 818 604 859 e
617 800 713 860 militia
726 800 844 862 rediens
860 802 888 861 in
900 799 989 862 Icaria
998 799 1091 862 insula
1101 804 1198 860 ven-5

169 890 207 948 tis
222 885 381 961 detinerer,
401 883 514 945 Latinos
534 882 636 962 elegos
649 887 677 943 iu
690 883 761 943 illud
775 885 868 962 ipsum
882 902 958 944 mare
969 887 1117 964 ipsamque
1130 885 1172 943 in-

171 970 261 1031 sulam
275 969 343 1028 leci.
362 967 506 1047 Expertus
520 983 584 1027 aum
596 985 642 1026 me
656 967 806 1045 aliquando
821 977 850 1027 et
859 968 966 1046 heroo,
981 966 1173 1043 hendecasyl-

171 1053 244 1115 labis
258 1069 333 1111 nuuc
348 1053 478 1131 primurn,
495 1066 615 1129 quorum
627 1051 674 1111 bic
689 1050 799 1127 natalis,
811 1051 883 1111 baec
899 1068 983 1112 causa
998 1059 1053 1112 est.
1080 1049 1173 1130 Lege·

168 1135 269 1197 bantur
279 1137 307 1195 iu
323 1133 491 1196 bruremnm
505 1135 572 1194 mihi
590 1134 654 1194 libri
668 1134 749 1194 Asini
766 1133 838 1194 Galli
853 1135 888 1195 de
907 1137 1108 1212 conparatione
1122 1153 1172 1214 pa·

168 1221 218 1280 tris
230 1229 260 1281 et
273 1217 435 1280 Ciceronis:
447 1218 543 1279 incidit
554 1220 726 1297 epigramma
737 1215 886 1279 Ciceronis
897 1219 926 1278 in
937 1217 1069 1280 Tironem
1080 1236 1169 1278 suum.
1183 1231 1219 1283 ld

139 1304 260 1382 illein,
276 1321 339 1364 cum
356 1304 475 1363 meridie
491 1303 567 1380 (erat
585 1305 659 1363 enim
675 1301 786 1379 aeetae)
802 1301 970 1362 dormiturus
984 1319 1030 1362 me
1044 1305 1172 1380 recepis-

167 1407 229 1450 sem
244 1406 299 1448 uec
314 1387 469 1466 obreperet
484 1403 615 1463 somnus,
639 1387 723 1464 coepi
741 1394 873 1464 reputare
893 1387 1028 1447 maximos
1042 1396 1172 1447 oratores

167 1472 225 1532 boc
239 1469 324 1532 studii
338 1488 430 1548 genus
442 1478 472 1529 et
486 1471 515 1528 iu
529 1468 767 1529 oblectationibus
782 1468 916 1530 babuisse
932 1477 961 1528 et
975 1470 1003 1529 iu
1018 1469 1102 1538 laude
1119 1487 1171 1549 po·

142 1558 272 1620 cauisse.
308 1551 418 1614 luteudi
436 1554 556 1614 animum
573 1561 728 1631 contraque
744 1554 906 1632 opinionem
919 1569 1009 1613 meam
1025 1563 1092 1632 post
1109 1553 1171 1613 lon-

168 1657 233 1717 gum
244 1635 460 1698 desuetudinem
471 1652 607 1716 perquam
619 1637 723 1713 exiguo
735 1637 871 1715 temporis
884 1645 1027 1697 momento
1039 1637 1068 1697 id
1079 1640 1172 1716 ipsum
1181 1641 1217 1696 15

169 1723 244 1800 quod
260 1740 305 1781 me
316 1719 351 1780 ad
363 1718 544 1780 scribendum
556 1718 759 1781 sollicitaverat
773 1719 817 1780 bia
832 1721 963 1780 versibus
980 1722 1093 1781 exaravi
1101 1742 1108 1781 :

139 1817 156 1872 6
252 1803 324 1865 Cum
335 1803 424 1864 libros
441 1802 514 1864 Galli
529 1803 666 1881 legerem,
684 1804 786 1882 qrribua
801 1802 852 1863 ille
867 1806 978 1882 parenti

252 1906 337 1949 ausus
353 1888 388 1947 de
403 1885 543 1948 Cicerone
560 1887 627 1946 dare
640 1895 684 1946 est
697 1886 874 1966 palmamque
886 1886 1043 1967 decusque,

252 1970 388 2030 lascivum
400 1971 496 2030 inveni
507 1969 600 2029 lusum
614 1967 764 2030 ciceronis
779 1979 808 2030 et
818 1968 870 2029 illo

251 2052 436 2132 spectandum
447 2054 572 2130 ingenio,
590 2070 646 2131 quo
659 2054 732 2114 seria
744 2053 868 2113 condidit
883 2062 913 2113 et
927 2071 984 2133 quo
1179 2057 1218 2110 ²⁰

251 2136 377 2196 humanis
394 2136 499 2196 salibus
514 2135 602 2195 multo
619 2137 756 2214 varioque
771 2136 873 2216 lepore

251 2235 415 2297 magnorum
428 2218 551 2280 ostendit
562 2228 672 2279 mentes
682 2219 809 2296 gaudere
820 2222 955 2280 virorum.

252 2321 315 2364 uam
329 2303 456 2381 queritur
471 2302 547 2382 quod
562 2302 661 2363 fraude
676 2303 748 2363 mala
761 2303 911 2364 frustratus
926 2313 1062 2363 amantem

252 2386 373 2466 paucula
388 2395 488 2448 cenato
500 2387 555 2448 eibi
570 2385 664 2446 debita
678 2388 755 2446 savia
767 2385 832 2446 Tiro

152 2471 154 2478 ⁸
252 2479 533 2550 temporeuccturuo
550 2470 727 2530 subtraxerit.
749 2470 793 2530 bia
808 2486 866 2548 ego
881 2469 975 2546 lectis,
1178 2477 1217 2530 ἢὸ

253 2572 302 2614 cur
317 2555 477 2634 posthaec,
493 2557 615 2633 inquam,
630 2561 743 2612 nostros
760 2552 883 2614 celamus
895 2569 1017 2631 amores,

252 2637 417 2718 nullumque
431 2639 459 2697 in
474 2638 595 2698 medium
611 2634 697 2696 timidi
713 2634 821 2715 damus,
834 2635 927 2715 adque
940 2635 1061 2697 fatemur

252 2719 422 2800 Tironisque
433 2719 527 2798 dolos,
545 2719 654 2780 Tironis
669 2736 756 2779 nosse
775 2719 896 2798 fugaces

251 2801 400 2864 blanditias
419 2813 448 2863 ct
463 2804 536 2864 lurta
551 2819 640 2862 noras
655 2801 785 2864 addentia
798 2799 943 2864 llammaa‘l

144 2883 277 2950 l'l'rausii
299 2885 465 2965 adelegem
483 2885 537 2946 hoe
555 2903 670 2965 quoque
691 2905 748 2946 uon
764 2888 855 2946 minus
877 2886 1012 2947 celeriter
1032 2884 1217 2964 explicuizao

168 2967 261 3030 addidi
276 2968 363 3047 alios,
389 2969 524 3029 facilitate
546 2978 704 3049 corruptus.
738 2969 849 3030 Deinde
864 2971 893 3029 in
911 2969 1011 3030 urbem
1023 2986 1169 3045 reversus,

143 3052 315 3117 esodalibus
326 3052 393 3130 legi.
417 3053 618 3113 Probaverunt.
638 3053 707 3114 lude
719 3053 801 3131 plura
812 3062 911 3130 metra,
924 3056 949 3114 ei
964 3053 1031 3132 quid
1042 3053 1102 3129 otii,
1114 3070 1171 3112 ma·

167 3139 242 3198 xime
257 3139 286 3198 in
300 3139 402 3197 itinere
417 3139 562 3216 temptavi.
594 3137 740 3197 Postremo
756 3137 863 3217 placuit
876 3136 1010 3215 exemplo
1021 3136 1171 3195 multorum

168 3239 252 3280 unum
275 3224 426 3302 separatim
449 3218 751 3296 hendecasyllaborum
770 3220 902 3281 volumen
922 3220 1092 3297 absolvere,
1115 3236 1171 3279 uec

141 3306 302 3384 9paeuitet.
324 3303 450 3382 Legitur,
467 3304 646 3381 describitur,
662 3312 786 3364 cantatam
797 3307 890 3382 etiam,
904 3313 934 3365 et
947 3302 1087 3364 a'Graecis
1100 3308 1214 3383 quo-tt

170 3406 243 3466 que,
264 3405 336 3467 quos
349 3387 445 3450 Latine
464 3388 546 3448 buius
564 3386 655 3448 libelli
669 3404 747 3447 amor
761 3387 873 3465 docuit,
888 3405 962 3447 nune
977 3387 1082 3448 cithara
1096 3403 1171 3447 nuuc

127 3469 230 3545 ldlyra
241 3481 418 3550 personatur.
451 3471 509 3532 Sed
522 3471 589 3550 quid
603 3487 659 3548 ego
673 3477 728 3529 tam
740 3466 889 3548 gloriose?
910 3470 1083 3549 Quamquam
1097 3476 1170 3549 poe·

170 3555 206 3613 tis
217 3553 314 3613 furere
326 3570 496 3614 concessum
507 3563 566 3614 est:
589 3561 617 3612 et
633 3562 724 3612 tamen
739 3570 794 3612 uon
806 3553 842 3614 de
856 3571 922 3614 meo
936 3554 989 3615 sed
1003 3553 1039 3615 de
1052 3552 1171 3614 aliorum
