2632 4102
206 310 249 372 44
635 309 667 370 G.
690 309 788 371 PblNl

184 473 253 535 nest
266 464 339 524 anim
354 461 404 522 illo
420 465 494 526 vitae
510 480 619 541 genere
634 463 802 524 distinctius.
835 461 883 522 lle
898 472 991 523 antem
1008 471 1037 522 ut
1058 472 1154 524 certus
1176 465 1213 523 si-

209 549 307 608 derum
321 565 421 609 cursus
436 549 474 607 ita
488 549 546 608 vita
560 546 702 606 hominum
713 545 851 624 disposita
866 544 1002 623 delectat,
1018 563 1117 606 aenum
1130 564 1215 625 prae-

209 633 314 694 sertim.
336 627 408 696 Nam
427 633 546 693 iuvenes
562 629 680 691 confusa
700 629 792 690 adbuc
806 629 942 708 quaedam
962 638 992 689 et
1008 630 1088 709 quasi
1103 630 1216 691 turbata

209 733 266 776 non
279 714 436 784 indecent;
459 714 576 774 senibus
597 713 708 793 placida
728 715 820 774 omnia
841 723 871 774 et
886 712 1012 774 ordinata
1028 715 1215 791 conueniunt,

185 795 314 878 „aquibus
329 797 465 858 industria
480 815 563 872 sera,
585 798 675 876 turpis
690 797 804 857 ambitio
820 805 875 858 est.
905 795 985 857 Hanc
996 795 1125 873 regulam
1139 797 1246 875 Spu-5

210 887 287 942 rinna
302 881 530 942 constantissime
547 889 655 950 servam
675 881 742 958 quin
757 882 840 941 etiam
854 898 940 962 parva
954 879 1043 957 baec,
1062 897 1165 958 parva,
1188 881 1216 940 si

211 984 268 1025 nou
289 963 395 1024 cotidie
417 965 500 1041 liant,
528 962 627 1024 ordine
654 963 775 1043 quodam
796 974 825 1026 et
845 963 925 1024 velut
946 963 1017 1024 orbe
1038 965 1215 1040 circumagit.

183 1049 292 1119 4blana
307 1047 415 1108 lectulo
427 1050 598 1126 continetur,
609 1047 679 1107 lrora
690 1046 816 1108 secunda
829 1046 946 1109 calceos
961 1049 1073 1127 poscit,
1093 1046 1218 1107 ambulat

208 1131 283 1195 milia
303 1149 437 1210 passuum
457 1134 510 1193 tria
528 1150 583 1192 nec
606 1133 697 1193 minus
715 1132 834 1192 animum
853 1149 936 1211 quarn
957 1148 1063 1210 corpus
1083 1139 1215 1191 exercet.

209 1217 239 1276 Si
256 1215 356 1276 adsunt
375 1217 474 1293 amici,
500 1215 692 1279 honestissimi
712 1232 860 1277 sermones
879 1214 1072 1294 explicantur:
1100 1215 1125 1274 si
1144 1231 1215 1291 non,
1227 1220 1263 1272 lo

208 1300 283 1359 liber
296 1299 417 1376 legitur;
429 1299 569 1360 interdum
580 1301 664 1361 etiam
678 1300 876 1378 praesentibus
891 1299 1007 1375 amieis,
1026 1299 1050 1358 si
1064 1306 1157 1358 tamen
1173 1296 1218 1357 illi

186 1401 266 1452 5nou
282 1392 440 1461 gravantur.
463 1382 576 1444 Deinde
588 1384 721 1460 considit,
736 1392 767 1444 et
779 1382 854 1444 liber
864 1401 962 1446 rursus
975 1390 1023 1442 aut
1034 1398 1128 1442 sermo
1140 1380 1218 1442 libro

210 1469 319 1546 potior:
345 1484 412 1527 mox
432 1465 594 1526 vehiculum
617 1466 762 1543 ascendit,
784 1466 904 1530 adsumit
924 1483 1044 1526 uxorem
1062 1463 1217 1542 singularis

185 1548 337 1628 sexempli
357 1549 405 1610 vel
426 1549 551 1630 aliquem
564 1553 734 1627 amicorum,
755 1560 785 1611 ut
804 1569 850 1612 ms
870 1551 1009 1630 proxime.
1045 1547 1135 1622 Quam
1151 1548 1217 1627 pul-

212 1635 310 1694 chrum
324 1633 412 1711 illud,
432 1652 515 1713 quam
534 1633 620 1695 dulce
642 1633 801 1695 secretum!
822 1645 955 1714 quantum
970 1633 1009 1693 ibi
1026 1631 1216 1711 antiquitatis!
1228 1641 1262 1694 15

212 1717 398 1797 quaefacta,
426 1736 499 1797 quos
520 1719 598 1779 viros
622 1716 733 1779 audias!
763 1719 865 1796 quibus
887 1718 1052 1797 praeceptis
1072 1716 1216 1776 imbuere!
1310 1755 1311 1758 ι

212 1803 339 1881 quamvis
353 1800 404 1862 ille
419 1802 476 1864 lroc
491 1811 743 1882 temperamentum
757 1801 914 1864 modestiae
928 1819 998 1862 suae
1014 1800 1163 1877 indixerit,
1177 1818 1216 1860 ne

186 1887 382 1965 'ipraecipere
396 1886 533 1946 videatur.
566 1884 693 1947 Peractis
710 1893 821 1964 septem
837 1884 950 1946 milibus
966 1885 1101 1964 passuum
1113 1885 1218 1945 iterum

211 1968 335 2029 ambulat
353 1968 449 2047 mille,
472 1971 575 2030 iterum
591 1970 690 2030 residit
708 1968 757 2029 rel
776 1988 809 2030 ae
831 1967 965 2030 cubiculo
980 1987 1015 2029 ac
1030 1967 1097 2028 stilo
1111 1966 1216 2027 reddit.

212 2053 318 2112 Scribit
329 2053 414 2130 enim,
433 2061 462 2113 et
474 2053 588 2132 quidem
598 2062 718 2131 utraque
728 2052 836 2131 lingua,
851 2051 940 2127 lyrica
954 2051 1134 2113 doctissima:
1147 2051 1217 2110 mira
1227 2055 1263 2106 20
1311 2073 1312 2128 p

212 2134 270 2196 illis
287 2133 428 2214 dulcedo,
451 2138 520 2196 mira
532 2138 672 2214 suavitas,
698 2138 766 2196 mira
780 2135 923 2214 hilaritas,
940 2138 1021 2198 cuins
1034 2136 1151 2214 gratiam
1166 2152 1217 2194 cu·
1311 2161 1312 2164 ¹

185 2218 298 2284 emolat
313 2221 448 2280 sanctitas
472 2221 634 2281 scribentis.
666 2219 721 2281 Ubi
741 2220 810 2281 bora
831 2218 935 2281 balinei
954 2221 1079 2280 nuntiata
1094 2228 1139 2279 est
1154 2218 1218 2296 (cst

212 2312 305 2363 autem
317 2302 410 2364 bieme
421 2321 506 2381 nona,
521 2312 630 2365 aestate
643 2305 771 2382 octava),
786 2306 814 2364 in
828 2303 904 2381 sole,
920 2305 945 2364 si
956 2313 1035 2364 caret
1045 2312 1143 2380 vento,
1159 2319 1217 2361 am-

213 2386 290 2448 bulat
305 2385 406 2448 nudus.
425 2386 537 2448 Deinde
550 2396 681 2448 mouetur
694 2387 752 2466 pila
763 2387 950 2466 vehementer
960 2396 990 2448 et
1004 2387 1066 2446 diu:
1081 2403 1144 2446 narn
1159 2384 1218 2444 lroc

192 2475 198 2500 ¹
213 2489 328 2551 quoque
342 2472 553 2533 exercitationis
565 2489 674 2550 genere
689 2481 795 2550 pugnat
810 2488 874 2532 cum
886 2480 1048 2532 senectute.
1064 2469 1151 2530 Lotus
1167 2487 1217 2528 ac·
1228 2477 1264 2530 25

213 2556 298 2616 cubat
311 2565 340 2616 et
356 2554 503 2635 paulisper
517 2556 611 2616 cibum
624 2554 733 2615 diliert:
748 2556 859 2616 interim
872 2554 949 2615 audit
960 2554 1107 2632 legentem
1117 2555 1218 2614 remis·
1261 2611 1264 2618 .

213 2643 271 2700 sius
286 2637 392 2717 aliquid
406 2649 436 2699 et
453 2639 572 2702 dulcius.
596 2638 651 2700 Per
661 2639 719 2699 boc
730 2655 812 2699 omne
826 2649 939 2718 tempus
954 2637 1075 2699 liberum
1090 2645 1135 2698 est
1149 2638 1218 2696 ami·

190 2725 257 2788 ocis
271 2720 320 2782 vel
335 2722 435 2782 eadem
454 2724 552 2784 iacere
567 2722 615 2783 rel
633 2721 704 2800 alia,
725 2725 750 2784 si
763 2721 867 2784 malint.
900 2721 1060 2802 Adponitur
1074 2739 1147 2782 cena
1160 2737 1219 2780 non

213 2808 304 2865 miuus
316 2805 402 2866 nitida
416 2824 498 2885 quam
511 2807 585 2886 frugi
599 2808 627 2866 in
638 2815 757 2883 argento
771 2823 843 2885 puro
854 2816 883 2868 et
897 2808 1029 2885 antiquo:
1046 2815 1110 2865 sunt
1121 2807 1149 2864 in
1163 2822 1219 2864 usu

214 2898 243 2949 et
260 2887 420 2966 Corinthia,
448 2891 549 2968 quibus
569 2888 729 2951 delectatur
741 2908 796 2950 nec
811 2889 947 2951 adiicitur.
974 2889 1152 2968 Frequenter
1166 2905 1217 2948 co·
1227 2899 1265 2954 do

213 2971 323 3032 moedis
340 2990 411 3032 cena
431 2972 628 3051 distinguitur,
655 2982 686 3033 ut
705 2973 868 3054 voluptates
892 2991 1006 3054 quoque
1028 2972 1127 3034 studiis
1149 2989 1219 3032 con·

214 3056 332 3116 diantnr.
354 3056 442 3118 Sumit
458 3056 563 3137 aliquid
578 3058 613 3118 de
628 3068 714 3120 nocte
731 3067 761 3118 et
774 3067 897 3120 aestate:
913 3060 1016 3120 nemini
1030 3057 1087 3118 boc
1100 3056 1220 3134 longum

174 3153 206 3203 lo
215 3151 275 3209 est;
290 3148 365 3200 tanta
378 3144 510 3202 comitate
525 3143 684 3203 conuiuium
697 3141 824 3202 trabitur.
843 3140 912 3202 lude
929 3141 969 3202 illi
984 3150 1051 3222 post
1066 3143 1220 3219 septimum

215 3235 244 3284 et
259 3228 518 3304 septuagensimum
530 3244 630 3286 annum
641 3227 748 3285 aurium
761 3223 908 3286 oculorum
919 3227 1003 3304 vigor
1014 3227 1136 3302 integer,
1150 3223 1219 3284 inde

174 3319 201 3370 ll
216 3308 291 3385 agile
308 3319 338 3370 et
351 3310 475 3370 vividum
488 3328 593 3390 corpus
608 3308 728 3387 solaque
742 3327 779 3368 ex
791 3319 943 3371 senectute
959 3308 1114 3388 prudentia.
1136 3307 1219 3368 lianc
1228 3321 1265 3375 35

215 3409 272 3468 ego
289 3395 373 3453 vitam
386 3403 456 3455 voto
470 3403 500 3454 et
515 3395 689 3471 cogitatione
705 3409 872 3471 praesumo,
893 3395 1075 3471 ingressurus
1088 3392 1218 3454 avidissi-

215 3494 272 3552 me,
287 3486 318 3536 ut
333 3477 452 3556 primum
464 3479 535 3537 ratio
546 3478 646 3537 aetatis
656 3478 787 3558 receptui
799 3495 902 3538 canere
915 3479 1084 3556 permiserit.
1102 3474 1220 3536 interim

215 3559 293 3620 mille
309 3560 454 3622 laboribus
468 3567 619 3640 conteror,
641 3571 765 3640 quorum·
780 3559 845 3620 mihi
861 3570 891 3620 et
910 3559 1048 3621 solacium
1069 3569 1100 3620 et
1120 3577 1219 3622 exem-
