2632 4096
225 276 269 341 84
657 273 691 336 G.
712 274 809 336 PLINl

226 427 324 509 plum?
350 428 460 510 quando
476 445 612 490 secessus
627 429 683 488 mei
697 445 753 488 non
769 425 895 489 desidiae
912 443 1016 486 nomen
1029 423 1082 486 sed
1097 423 1235 504 tranquil·
1303 417 1304 422 ’

226 514 312 575 litatis
326 509 489 593 accipient?
521 511 603 576 Vale.

671 641 789 704 XXllll.

444 745 472 802 o.
491 743 615 796 numius
632 745 728 796 rusro
747 743 888 796 vannum
908 739 969 794 suo
989 742 1016 796 s.
1248 771 1263 820 5

202 865 217 916 1
291 846 422 905 Proxime
442 862 506 904 cum
528 843 603 923 apud
624 846 815 906 centumviros
835 846 865 904 iu
881 841 1058 923 quadruplici
1072 841 1179 903 iudicio
1196 841 1239 902 di·

225 931 351 1006 xissem,
370 927 456 988 subiit
469 926 630 988 recordatio
642 929 740 1006 egisse
754 945 800 988 mc
814 929 946 987 iuvenem
961 945 1054 1005 aeque
1069 928 1098 987 in
1113 925 1239 1005 quadru-

202 1013 305 1093 oplici.
328 1011 474 1074 Processit
486 1013 604 1087 animus,
619 1020 650 1070 ut
660 1011 748 1090 solet,
765 1011 894 1090 longius:
911 1012 996 1090 coepi
1010 1019 1144 1090 reputare
1161 1027 1237 1089 quos

228 1098 257 1155 in
271 1096 328 1157 hoc
342 1094 463 1174 iudicio,
490 1113 562 1175 quos
582 1096 611 1154 in
631 1093 682 1155 illo
705 1097 801 1158 socios
820 1095 926 1156 laboris
941 1093 1113 1178 halsuissem.
1146 1092 1237 1155 Solus

230 1198 306 1240 eram
323 1181 370 1258 qui
385 1181 413 1238 in
428 1188 549 1260 utroque
564 1179 716 1242 dixissem:
738 1189 829 1243 tantas
846 1180 1051 1240 conversiones
1066 1187 1113 1239 aut
1129 1177 1276 1256 fragili-1⁰

201 1273 271 1332 stas
287 1263 464 1325 mortalitatis
480 1274 527 1325 aut
541 1264 670 1325 fortunae
684 1263 827 1324 mobilitas
842 1263 919 1324 iacit.
940 1260 1060 1335 Quidam
1074 1281 1112 1322 ex
1126 1261 1173 1322 lris
1189 1263 1237 1341 qui

226 1358 294 1409 tunc
310 1358 428 1425 egerant
444 1348 648 1425 decesserunt,
664 1347 779 1409 exulant
792 1347 856 1425 alii,
879 1346 944 1406 huic
960 1355 1038 1409 aetas
1054 1356 1083 1407 et
1098 1344 1237 1406 valetudo

228 1432 371 1494 silentium
385 1434 485 1509 suasit,
501 1431 548 1492 lric
564 1441 667 1510 sponte
681 1432 845 1494 beatissimo
861 1433 919 1491 otio
934 1430 1046 1507 inuitur,
1062 1429 1134 1490 alius
1150 1447 1237 1490 exer-

229 1519 315 1576 citum
332 1516 423 1593 regit,
446 1513 524 1574 illurn
541 1513 670 1576 civilibus
692 1515 794 1577 ciliciis
816 1517 953 1595 principis
974 1516 1094 1574 amicitia
1117 1515 1236 1574 exemit.

205 1596 314 1665 tcirca
330 1615 383 1660 nus
397 1600 478 1678 ipsos
491 1617 574 1678 quam
586 1597 673 1659 multa
687 1609 790 1661 mutata
806 1601 884 1662 sunt!
908 1598 1013 1659 Studiis
1027 1599 1237 1677 processimus,
1247 1606 1274 1656 lt

203 1683 330 1748 ostudiis
344 1681 496 1762 periclitati
514 1701 627 1761 sumus,
653 1701 809 1762 rursusque
829 1683 1032 1763 processimus.
1065 1681 1240 1742 Proiuerunt

229 1767 312 1828 nobis
330 1767 467 1827 bonorum
479 1768 636 1845 amicitiae,
660 1767 798 1828 honorum
818 1766 970 1828 obfuerunt
988 1767 1148 1845 iterumque
1169 1783 1238 1846 pro·

232 1859 306 1913 sunt.
328 1849 359 1911 Si
375 1859 514 1930 conpotes
526 1866 631 1928 annos,
647 1853 780 1930 exiguum
795 1861 920 1929 tempus,
932 1852 956 1912 si
970 1851 1051 1910 vices
1066 1867 1173 1927 rernm,
1189 1868 1238 1909 ae-

201 1947 294 2001 orum
308 1943 402 2012 putes.
424 1934 508 2008 Quod
523 1942 620 2013 potest
637 1953 704 1996 esse
719 1934 888 1998 documento
901 1933 970 1994 nihil
985 1933 1152 2012 desperare,
1166 1932 1239 1992 nulli

227 2018 270 2077 rei
286 2016 391 2094 fidere,
413 2036 477 2078 curn
496 2018 641 2078 videamus
662 2028 705 2079 tot
719 2021 871 2080 varietates
886 2028 943 2079 tarn
958 2017 1078 2078 volubili
1093 2016 1164 2076 orbe
1182 2019 1237 2076 cir·
1247 2025 1275 2077 20

205 2102 349 2177 toumagr'.
370 2099 437 2159 llilri
452 2111 545 2162 autem
560 2100 696 2163 familiare
716 2113 761 2164 est
777 2121 874 2164 omnes
891 2103 1080 2180 cogitationes
1095 2118 1176 2160 meos
1193 2110 1238 2160 te-

229 2202 293 2244 cum
316 2187 525 2246 communicare
549 2185 698 2264 isdemque
718 2197 748 2248 te
767 2186 815 2247 vel
836 2187 1000 2265 praeceptis
1022 2183 1071 2244 vel
1093 2185 1238 2264 exemplis

227 2285 348 2410 pronorp¹
364 2269 470 2412 lquilius
494 2271 558 2348 ipse
581 2288 764 2339 memorem
797 2289 869 2348 quae
891 2271 963 2330 ratio
985 2268 1068 2330 huius
1092 2267 1237 2347 epistulae

240 2355 289 2412 uit.
347 2371 401 2414 ae.

688 2485 778 2546 XXV⁸
1246 2451 1274 2501 Pb

444 2585 471 2638 G.
492 2584 615 2637 PLINIUS
634 2584 751 2636 Messto
769 2584 900 2636 MAXIMO
919 2585 978 2637 SUO
995 2583 1022 2636 S.

202 2698 217 2750 1
288 2687 466 2766 Scripseram
481 2690 533 2748 tihi
547 2687 703 2749 verendum
721 2706 788 2748 esse
809 2707 845 2748 ne
868 2707 906 2751 ex
926 2691 1020 2750 tacitis
1035 2687 1180 2766 suffragiis
1198 2691 1238 2748 vi-
1303 2693 1304 2714 l

227 2772 296 2831 tium
310 2769 425 2849 aliquod
440 2774 590 2832 existeret.
613 2770 730 2834 Factum
744 2781 799 2833 est.
830 2771 968 2834 Proximis
991 2774 1112 2834 comitiis
1132 2774 1160 2832 in
1177 2774 1237 2852 qui·
1303 2811 1304 2820 ÷

228 2852 346 2914 busdam
360 2853 475 2915 tabellis
489 2854 576 2915 multa
589 2855 724 2916 iocularia
737 2864 823 2935 atque
838 2859 922 2916 etiarn
938 2856 1023 2918 foeda
1037 2857 1125 2934 dictu,
1142 2858 1171 2916 in
1182 2860 1273 2916 unaco

225 2953 298 2997 vero
312 2954 365 3015 pro
380 2936 589 2998 candidatorum
601 2940 759 3000 nominihus
771 2940 989 3018 suffragatorum
998 2943 1111 3001 nomina
1122 2943 1237 3001 inventa

203 3028 300 3084 dsunt.
332 3019 492 3081 Excanduit
509 3031 623 3085 senatus
639 3041 800 3102 magnoque
816 3024 940 3084 clamore
955 3026 982 3084 ei
1000 3026 1048 3105 qui
1069 3027 1236 3104 scripsisset

226 3107 326 3167 iratum
347 3107 506 3185 principem
526 3117 570 3168 est
592 3117 799 3188 comprecatus.
830 3105 885 3170 Ille
903 3119 997 3170 tamen
1020 3107 1125 3168 lelellit
1146 3117 1176 3169 et
1196 3109 1236 3169 la·

202 3190 290 3266 otuit,
304 3188 428 3253 fortasse
444 3191 529 3251 etiam
542 3191 616 3251 inter
630 3191 808 3269 indignantes
829 3191 890 3253 luit.
924 3191 998 3266 Quid
1012 3192 1087 3253 hunc
1104 3203 1235 3271 putamus
1303 3225 1304 3264 3

227 3271 302 3332 domi
313 3273 421 3353 lacere,
438 3274 528 3354 quiin
548 3285 623 3335 tanta
644 3294 676 3336 re
690 3285 746 3336 tam
760 3277 837 3336 serio
854 3286 1056 3356 temporetam
1077 3277 1271 3338 scurriliterdt

226 3355 314 3436 ludat,
328 3359 376 3436 qui
391 3357 514 3437 denique
531 3360 644 3419 omnino
659 3361 686 3418 iu
701 3369 802 3420 senatu
817 3360 899 3421 dicax
912 3371 941 3422 et
956 3361 1079 3422 urbanus
1095 3370 1124 3421 et
1140 3360 1234 3422 bellus

202 3437 294 3502 sesti
319 3439 436 3503 Tantum
459 3441 593 3504 licentiae
614 3445 708 3522 pravis
728 3445 850 3521 ingeniis
867 3444 953 3505 adicit
971 3444 1021 3506 illa
1043 3443 1143 3505 liduoia
1159 3447 1234 3524 ‘quis

227 3525 301 3583 enim
316 3522 427 3585 scietl’
444 3525 581 3606 Poposcit
596 3525 744 3605 tabellam,
760 3527 854 3588 stilum
866 3529 992 3608 accepit,
1009 3527 1121 3588 demisit
1136 3538 1231 3609 caput,
