2632 4102
344 313 606 378 EPISTULARUM
620 313 644 374 1.
665 326 708 378 22.
724 324 767 378 23.
780 325 823 378 22.
1043 315 1083 380 21

84 487 145 530 cum
161 468 275 547 221112,
297 467 456 530 deliberare
470 485 541 529 vero
555 477 585 528 et
601 485 701 528 causas
717 469 778 528 eius
794 467 976 547 expendere,
996 479 1085 549 utque

84 554 205 614 suaserit
218 554 302 630 ratio,
317 554 393 613 uitae
409 555 564 632 mortisque
577 550 726 612 consilium
740 549 787 610 vel
804 553 953 630 suscipere
968 553 1015 613 uel
1032 571 1085 633 po·

82 655 150 696 nere
162 637 287 714 ingentis
302 646 346 697 est
361 638 453 696 animi.
487 635 525 696 Et
539 635 641 694 medici
657 635 771 714 quidem
785 635 909 695 secunda
924 637 1006 697 nobis
1022 636 1085 716 pol·
1095 651 1124 703 11

81 718 220 780 licentur:
235 728 369 800 superest
384 729 414 780 21
428 720 575 798 promissis
591 718 661 778 deus
676 718 778 779 adnuat
789 718 959 798 tandemque
974 739 1020 780 me
1031 721 1085 780 hac

61 803 276 864 osollicitudine
292 803 437 874 exsolvat;
462 821 516 882 qna
536 801 672 862 liberatus
687 801 883 862 Laurentinum
896 821 1005 882 meum,
1028 803 1085 865 hoc

81 897 125 948 est
140 886 260 949 libellos
275 896 305 948 et
325 887 482 967 pugillares
497 885 711 968 studiosumque
726 887 813 946 otium
831 897 969 964 repetam.
1002 886 1085 948 Nunc

81 973 156 1031 enim
170 971 240 1031 nihil
255 970 373 1049 legere,
397 969 465 1031 nihil
487 970 616 1046 scribere
631 979 679 1030 aut
693 970 832 1049 2121112211
846 981 927 1033 vacat
942 981 990 1033 aut
1002 974 1085 1032 anxio
1170 966 1186 1007 l

78 1054 161 1116 libet.
182 1053 278 1116 llabes
292 1055 357 1134 quid
371 1057 494 1133 timeam,
512 1053 580 1132 quid
595 1063 702 1132 optem,
717 1054 783 1132 quid
798 1055 881 1114 etiam
896 1057 924 1114 12
939 1067 1085 1135 posterum
1096 1069 1128 1122 12

80 1138 239 1199 destInem:
250 1148 281 1198 tn
297 1139 363 1218 quid
379 1140 487 1217 egeris,
503 1137 568 1216 quid
583 1155 663 1216 agas,
679 1138 746 1215 quid
761 1136 948 1217 velleraque,
964 1141 1086 1200 Invicem

44 1235 73 1286 10
80 1225 175 1301 nobis,
189 1221 243 1283 sed
254 1222 419 1284 laetioribus
430 1220 561 1302 epistulis
573 1222 676 1282 scribe.
692 1219 753 1282 Erit
766 1222 926 1282 confusioni
937 1241 1019 1284 meae
1030 1241 1086 1283 non

79 1307 228 1367 mediocre
242 1305 390 1385 solacium,
407 1304 557 1369 2112211211
572 1305 712 1382 quereris.
748 1303 830 1364 Vale.

533 1420 639 1483 XXIII.

279 1523 306 1575 c.
326 1521 449 1573 222222
468 1491 608 1573 roureio
626 1521 767 1573 222222
784 1519 844 1572 suo
861 1519 887 1572 s,

141 1607 279 1670 Consulis
294 1627 328 1669 au
345 1608 504 1670 existimem
518 1618 546 1669 12
562 1609 590 1667 12
601 1609 742 1669 tribunatu
758 1627 857 1670 222222
869 1627 957 1687 agere
969 1594 1111 1675 deberel

45 1693 234 1754 15PlurImnm
253 1693 343 1753 refert
359 1693 426 1771 quid
442 1712 509 1754 esse
525 1693 694 1753 tribunatum
708 1703 810 1772 putes,
833 1695 945 1754 inanem
961 1695 1086 1754 umbram

83 1787 111 1838 et
125 1779 190 1838 2122
205 1777 315 1837 honore
330 1794 432 1838 nomen
446 1795 480 1838 an
502 1785 674 1856 potestatem
688 1787 898 1838 sacrosanctam
914 1786 944 1837 et
958 1795 1040 1855 quam
1056 1779 1084 1836 12

83 1861 211 1922 ordmeri
227 1861 293 1938 cogi
309 1870 339 1921 nt
355 1880 370 1922 a
386 1859 512 1922 22112112
526 1879 562 1920 22
579 1879 595 1920 2
616 1859 777 1939 sequidem
799 1860 911 1926 deceat.
938 1857 1005 1939 Ipse
1021 1873 1111 1924 2222

83 1947 212 2006 tribunus
229 1963 336 2023 essem,
352 1946 504 2005 erraverim
519 1944 642 2004 12212222
658 1946 705 2022 qui
725 1962 770 2004 me
787 1943 893 2024 aliquid
908 1946 1016 2023 putavi,
1034 1945 1087 2005 sed

83 2039 224 2109 tamquam
239 2047 350 2108 22222,
365 2029 487 2090 abstinui
502 2030 595 2088 causis
609 2028 742 2106 agendis:
757 2029 888 2108 221222,
904 2028 981 2107 qnod
993 2029 1087 2089 delor-

47 2123 128 2175 11122
143 2113 318 2190 arbitrabar,
339 2113 384 2172 cui
402 2112 574 2190 adsurgere,
598 2113 643 2172 cui
658 2111 724 2173 loco
742 2112 847 2173 cedere
865 2114 956 2172 omnis
971 2122 1087 2191 oporte·

85 2207 145 2275 ret,
165 2197 242 2257 huno
259 2196 387 2257 omnibus
403 2197 569 2258 sedentibus
585 2206 675 2266 stare;
701 2198 793 2275 etqui
810 2196 910 2256 iubere
932 2206 1033 2275 posset
1047 2205 1088 2256 12-

86 2299 151 2350 2222
169 2298 395 2360 quemcumque,
416 2281 482 2340 huic
500 2280 641 2342 silentium
659 2278 811 2359 clepsydra
832 2281 932 2350 indicis
960 2290 989 2341 et
1003 2298 1087 2358 quem

86 2365 211 2426 interfari
227 2363 308 2424 22122
329 2374 424 2442 22221,
445 2365 521 2425 bunc
535 2366 619 2425 21122
634 2365 764 2426 convicia
778 2363 893 2441 audire,
911 2374 941 2425 et
962 2362 1088 2427 21122112

86 2458 240 2526 pateretur,
256 2449 386 2526 inertem,
401 2448 637 2530 21212122222122,
653 2447 824 2509 insolentem
838 2447 937 2506 videri.
960 2445 1111 2508 Eruthras

51 2535 80 2587 15
88 2550 199 2611 quoque
214 2541 312 2594 aestus
325 2542 391 2593 ante
406 2532 519 2609 oculos,
533 2533 558 2592 si
573 2532 647 2592 12212
663 2549 707 2592 22
718 2530 895 2610 appellasset
911 2528 959 2590 vel
975 2530 1024 2590 ille
1042 2530 1088 2590 cui

88 2615 217 2678 adessem
238 2613 285 2675 vel
306 2614 356 2676 ille
373 2635 456 2694 quem
478 2625 592 2694 contra,
613 2613 823 2676 intercederem
837 2623 866 2674 et
882 2612 1016 2674 auxilinm
1032 2614 1089 2674 fer·

88 2717 162 2778 rem,
188 2719 225 2760 an
246 2700 428 2776 quiescerem
448 2698 622 2777 sileremque
646 2708 677 2759 et
698 2699 779 2777 quasi
799 2699 907 2758 eiurato
925 2699 1088 2776 magistratu

89 2784 224 2860 privatum
238 2784 303 2861 ipse
317 2801 363 2844 me
377 2783 513 2844 iacerem.
535 2781 1024 2860 1112221122112222122,2212122
1039 2785 1112 2843 tri-4

90 2866 189 2928 bunum
203 2867 334 2927 omnibus
349 2867 488 2928 exhibere
503 2885 586 2946 quam
596 2867 697 2947 paucis
709 2866 885 2928 advocatum.
908 2865 966 2926 Sed
980 2875 1021 2944 12,
1036 2867 1113 2927 112-5

56 2951 274 3028 1222111222,
300 2951 450 3030 plurimum
473 2953 593 3014 interest
618 2950 685 3028 quid
711 2969 777 3014 esse
802 2951 972 3011 tribunatum
992 2960 1089 3030 putes,

92 3052 168 3112 quam
182 3052 334 3115 personam
349 3037 402 3096 tibi
414 3035 543 3114 inponas,
560 3052 633 3114 quae
646 3034 768 3113 sapienti
783 3035 845 3094 viro
859 3035 897 3095 ita
911 3034 1029 3114 aptanda
1044 3042 1090 3093 est

93 3127 120 3178 ut
133 3119 301 3196 perferatur.
333 3119 414 3180 Vale.

527 3199 648 3262 xxllll.

296 3303 325 3354 11.
344 3301 470 3354 PLINIUS
486 3301 602 3353 ΒΑΕΒΙΟ
619 3300 757 3352 HlSPhNO
775 3299 836 3352 SUO
855 3299 882 3350 S.

61 3395 89 3450 35
150 3393 339 3474 Tranquillus,
356 3393 568 3457 contubernalis
581 3411 673 3472 2222,
689 3393 749 3454 vult
762 3410 858 3454 emere
869 3389 993 3468 agellum
1006 3402 1114 3467 queml

96 3478 234 3540 venditare
250 3480 358 3541 221222
380 3489 445 3540 1222
460 3479 571 3540 dicitnr.
599 3477 684 3555 Rogo
700 3495 785 3538 cures
800 3475 894 3555 quanti
909 3490 1031 3552 aequom
1045 3482 1115 3536 2212

99 3572 176 3624 enat:
187 3565 226 3624 ita
237 3566 311 3624 2212
324 3563 479 3625 delectabit
495 3565 610 3624 emisse.
632 3561 702 3622 Nam
715 3560 787 3622 2212
801 3560 908 3640 emptio
923 3575 1038 3636 semper
1052 3559 1092 3617 in·
