2632 4102
368 249 633 344 nrmnnmnuu
653 283 675 344 1.
696 294 722 346 a.
738 294 764 346 4.
781 297 807 347 s.
1073 288 1094 350 s

88 433 201 512 quando
217 435 245 493 in
262 443 360 494 nostra
375 435 546 497 deverteris.
584 435 669 509 Quod
682 436 768 498 velim
786 436 892 515 iacias,
914 439 1049 517 primum,
1065 450 1096 501 ut

88 517 209 597 perinde
229 518 335 580 nostris
357 519 444 580 rebus
466 537 500 580 ac
514 537 567 580 nos
584 522 640 581 tuis
655 520 830 598 perfruaris,
852 520 972 598 deinde,
993 532 1023 582 ut
1038 525 1094 583 mei
1153 533 1167 562 a

88 603 327 680 expergiscantur
343 601 511 682 aliquando,
535 605 582 683 qui
598 621 643 664 me
658 622 762 664 secure
778 621 812 664 ac
825 621 918 683 prope
934 605 1094 683 neglegen-

87 695 132 744 ter
155 694 319 764 expectant.
353 685 423 746 Nam
441 687 547 746 mitium
562 687 737 747 dominorum
748 686 823 765 apud
834 703 937 748 servos
950 689 1013 767 ipsa
1025 698 1119 752 con-4

64 769 240 846 tsuetqdine
256 778 349 830 metus
370 769 527 848 exolescit,
554 771 725 831 novitatibus
746 772 905 832 excitantur
923 772 1094 851 probarique
1151 781 1164 810 ί

87 852 210 912 dominis
224 870 278 931 per
292 851 363 913 alios
378 856 469 930 magis
485 872 568 932 quam
584 872 638 934 per
653 855 734 933 ipsos
749 853 886 916 laborant.
922 853 1002 917 Vale.

574 989 609 1048 V.

291 1087 317 1137 G.
337 1087 462 1138 PLINIUS
479 1087 621 1139 VOCONIO
639 1087 775 1139 ROMANO
791 1087 850 1140 SUO
867 1087 893 1140 S.

46 1204 76 1255 10
145 1189 288 1251 Vidistine
303 1208 471 1269 quemqnam
480 1189 518 1250 bl.
531 1189 645 1269 Regulo
659 1192 827 1254 timidiorem
838 1191 1015 1253 humiliorem
1025 1203 1117 1272 postl

81 1273 238 1334 Domitiani
260 1271 400 1334 mortem?
422 1275 475 1336 sub
498 1292 555 1354 quo
577 1292 633 1336 non
654 1277 762 1336 minora
786 1275 891 1352 flagitia
915 1278 1095 1337 commiserat

83 1376 170 1437 quam
187 1358 240 1419 sub
256 1356 390 1435 Nerone,
406 1358 459 1419 sed
474 1359 604 1419 tectiore.
639 1356 744 1439 Coepit
757 1361 852 1420 vereri
867 1378 904 1420 ne
919 1359 976 1420 sibi
987 1361 1094 1420 irasce-

81 1461 147 1512 rer;
168 1459 225 1503 nec
240 1441 407 1520 fallebatur,
423 1443 579 1503 irascebar.
613 1441 724 1504 Rustici
739 1443 858 1503 Amleni
874 1443 1033 1522 perieulum
1048 1444 1116 1506 iob
1159 1443 1175 1480 ⁴

81 1536 185 1603 verat,
203 1525 378 1587 exaltaverat
392 1535 502 1604 morte,
518 1527 590 1588 adeo
604 1536 635 1587 ut
651 1526 753 1587 librum
769 1528 904 1588 recitaret
920 1528 1093 1607 publicaret·

43 1627 73 1678 15
83 1629 154 1689 que,
171 1612 200 1670 in
215 1628 271 1689 quo
286 1608 434 1672 Rusticum
448 1611 603 1671 insectatur
617 1619 702 1690 atque
717 1613 801 1672 etiam
815 1609 976 1672 Stoicomm
987 1614 1093 1672 simiam

82 1691 229 1774 appellen
250 1693 335 1755 adicit
349 1693 499 1755 vitelliana
514 1696 649 1755 cicatrice
664 1695 839 1772 stigmosum.
858 1689 1013 1772 'Agnoscis
1031 1694 1118 1755 elo-3

83 1780 231 1857 quentiam
245 1775 359 1856 Reguli.
369 1777 501 1858 {Lacerat
517 1777 689 1839 Herennium
704 1778 905 1855 Senecionem,
926 1787 982 1838 tam
993 1780 1092 1839 intem·

82 1871 223 1941 perantes
233 1862 347 1941 quidem
358 1870 389 1922 ut
400 1861 501 1922 dixerit
519 1863 547 1922 ei
563 1860 668 1923 bletius
684 1860 773 1923 Carus
789 1860 869 1940 ‘quid
882 1863 933 1923 tibi
945 1851 1091 1927 cumlmeis

82 1943 239 2014 mortuisit
256 1945 391 2024 numquid
410 1963 466 2024 ego
490 1944 596 2008 crasso
610 1957 657 2007 aut
672 1943 822 2008 Camerino
839 1945 980 2007 molestus
995 1938 1091 2007 sumi'

42 2047 157 2108 aequos
175 2028 225 2090 ille
240 2029 293 2090 sub
307 2028 423 2090 Nerone
439 2038 633 2094 accusaverat.
663 2029 743 2091 Haec
756 2047 802 2090 me
816 2027 946 2108 Regulus
961 2029 1117 2091 dolenter4

81 2113 188 2175 tulisse
208 2113 355 2191 credebat,
371 2113 495 2193 ideoque
511 2116 595 2174 etiam
612 2132 676 2175 eum
691 2115 827 2175 recitaret
842 2112 955 2192 librum,
970 2131 1027 2173 non
1044 2113 1091 2188 ad·
1124 2187 1130 2197 ἱ

81 2198 226 2276 bibuerat.
254 2195 405 2259 Praeterea
417 2198 653 2259 reminiscebatur
667 2215 751 2275 quam
766 2197 926 2276 capitaliter
939 2200 1032 2278 ipsum
1045 2215 1091 2257 me

83 2282 160 2361 apud
183 2283 373 2342 centumviros
396 2281 573 2343 lacessisset.
606 2281 731 2343 Aderam
750 2280 939 2357 Arrionillae,
965 2280 1114 2341 Timoniss

82 2367 178 2444 uxori,
190 2374 293 2443 rogatu
305 2365 425 2426 Aruleni
440 2363 564 2434 Rustiei;
586 2363 715 2444 Regulus
734 2375 841 2426 contra.
863 2363 1029 2427 Nitebamur
1038 2381 1092 2423 nos

43 2465 75 2517 ns
83 2451 112 2510 in
127 2459 212 2530 parte
228 2467 329 2510 causae
344 2451 484 2511 sententia
498 2448 567 2510 bleti
582 2449 722 2527 Modesti,
738 2451 836 2528 optimi
851 2450 921 2508 viri:
940 2451 965 2508 is
980 2459 1048 2508 tnnc
1063 2447 1092 2506 in

85 2534 173 2595 exilio
189 2543 261 2612 erat,
277 2551 293 2594 a
308 2533 468 2596 Domitiano
483 2532 638 2612 relegatus.
656 2531 738 2594 Ecce
753 2533 804 2594 tibi
815 2530 944 2610 Regulus
958 2536 1090 2610 ‘quaero’
1202 2539 1205 2543 “

84 2621 187 2698 inquit,
204 2617 361 2696 ‘Secunda
385 2617 452 2697 quid
467 2617 503 2678 de
517 2616 650 2679 Modesto
668 2619 797 2677 sentias’.
820 2615 909 2676 Vides
925 2615 1002 2694 quod
1015 2616 1092 2693 peri·

86 2703 191 2781 culum,
213 2704 238 2763 si
251 2701 466 2782 respondissem
478 2703 591 2780 'bene',
607 2700 683 2780 quod
694 2699 840 2778 flagitium,
857 2702 881 2759 si
894 2699 1003 2760 ‘male⁹.
1027 2697 1091 2758 Non

84 2803 206 2865 possum
220 2785 316 2846 dicere
331 2786 407 2846 aliud
421 2795 489 2847 tunc
502 2785 568 2846 mibi
585 2803 667 2865 quam
685 2785 756 2846 deos
777 2784 913 2846 adfuisse.
947 2783 1092 2863 ‘Respon-

46 2870 173 2936 mdcbo’
191 2872 305 2949 inquam
320 2872 357 2930 ‘si
376 2869 413 2932 de
433 2868 491 2930 boe
505 2871 671 2930 centumviri
691 2869 839 2930 iudicaturi
855 2868 945 2933 sunt’.
981 2865 1091 2928 Rursus

85 2951 135 3014 ille
154 2957 274 3034 ‘quaero
297 2953 364 3032 quid
386 2953 423 3014 de
438 2952 570 3014 blodesto
590 2955 719 3015 sentias’.
754 2952 861 3014 lterum
873 2969 931 3030 ego
946 2950 1115 3014 ‘solebantb

86 3046 177 3098 testes
193 3039 223 3096 in
235 3054 318 3115 reos,
340 3055 396 3099 non
413 3039 441 3098 in
456 3037 600 3098 damnatos
617 3037 809 3114 interrogati’.
841 3032 940 3096 Tertio
955 3034 1005 3095 ille
1021 3039 1090 3093 ‘non

87 3122 139 3180 iarn
156 3120 225 3200 qnid
240 3119 277 3181 de
297 3120 448 3200 bladaste,
470 3121 524 3182 sed
544 3119 612 3200 quid
632 3119 668 3181 de
690 3121 798 3199 pietate
818 3117 943 3180 blodesti
960 3120 1088 3179 sentias’.
1172 3142 1174 3146 ¹

89 3203 232 3278 ‘Quaeris'
247 3207 360 3284 inquam
374 3205 455 3285 ‘quid
464 3206 598 3266 sentiam:
620 3214 648 3266 at
661 3221 718 3282 ego
732 3223 769 3265 ne
784 3207 962 3280 interrogare
977 3200 1114 3280 quidem'l

51 3287 130 3350 isias
147 3299 217 3368 puto
233 3289 269 3350 de
289 3307 346 3369 quo
366 3291 574 3369 pronuntiatum
589 3293 656 3349 est'.
679 3286 840 3349 Conticuit:
855 3304 902 3346 me
913 3284 974 3346 laus
986 3293 1015 3344 et
1026 3301 1090 3362 gra·

89 3371 186 3434 tulatio
200 3383 300 3435 secuta
314 3382 371 3452 est,
388 3372 464 3453 quod
476 3391 533 3433 nee
544 3372 643 3433 lamam
654 3389 744 3434 meam
754 3372 848 3451 aliquo
860 3385 1014 3448 responso,
1029 3367 1090 3427 utili

91 3455 230 3536 fortasse,
248 3457 399 3519 inhonesto
414 3466 523 3534 tamen,
545 3456 684 3518 laeseram
697 3474 753 3516 nec
767 3472 813 3516 me
826 3453 938 3532 laqueis
954 3461 1010 3512 tam
1022 3451 1090 3512 insi·

93 3539 186 3604 diosae
199 3543 429 3622 interrogationis
443 3541 626 3602 involveram.
654 3539 737 3600 Nunc
753 3556 825 3617 ergo
845 3537 1021 3682 cortlsqientia
1040 3544 1116 3598 etr-8
