2616 4096
191 243 254 306 200
466 244 500 304 Ο.
524 241 622 304 PblNl
642 241 692 303 ΕΤ
714 241 870 304 TRAIANI

191 407 249 455 tom
271 396 522 458 commendationis
542 413 725 457 accessurum
745 397 829 456 etiam
851 413 888 454 ex
907 397 980 456 meis
1000 396 1139 474 precibus
1156 397 1205 456 iu·

165 479 355 557 §dulgentiae
370 490 436 542 tuas
451 479 549 541 credo.
573 479 657 557 liogo
671 497 753 556 ergo,
769 479 894 556 domiue,
909 489 939 538 ut
950 497 996 538 me
1012 481 1197 557 exoptatissi-

192 581 254 623 mae
269 565 335 623 mihi
350 563 545 642 gratulationis
567 573 721 642 conpotem
742 564 830 622 iacies
846 573 875 623 et
889 563 1035 640 honestis,
1052 572 1083 622 ut
1096 581 1201 642 spero,

192 647 353 708 adfectibus
374 649 446 708 meis
467 655 599 727 praestes
624 656 654 706 ut
674 664 731 706 non
757 648 787 705 in
806 665 851 707 me
874 656 978 707 tantum
997 663 1096 706 verum
1117 655 1149 706 et
1171 648 1201 706 in

191 733 281 792 amico
296 731 413 810 gloriari
427 731 538 792 iudiciis
553 732 608 790 tuis
623 733 742 810 possim.
1209 743 1228 794 5

621 865 656 923 v.
690 861 754 925 1111.

419 963 446 1013 c.
465 962 591 1015 saturus
609 865 976 1014 mnslnuolrmrunsuonr.

168 1083 181 1134 1
251 1065 382 1126 Proximo
398 1083 482 1144 anuo,
499 1065 622 1144 domine,
640 1068 806 1144 gravissima
820 1067 972 1127 valitudine
988 1085 1081 1148 usque
1096 1068 1132 1128 ad
1147 1087 1201 1148 pe·

191 1149 309 1210 rioulom
323 1151 400 1231 vitae
415 1159 547 1228 vexatus,
561 1150 722 1229 iatralipten
736 1151 894 1230 adsumpsi;
917 1153 997 1211 ouius
1013 1151 1201 1220 sollicitudini
1211 1167 1249 1220 ιο

192 1243 222 1296 et
244 1234 337 1295 studio
354 1244 420 1296 tuae
441 1243 547 1296 tautum
571 1233 763 1311 indulgentiae
784 1235 925 1296 beneficio
947 1235 1059 1296 referre
1078 1238 1200 1314 gretiem

167 1332 291 1397 tpanem
311 1336 439 1398 possum.
469 1318 563 1392 Quare
584 1333 656 1394 rogo
677 1318 729 1378 des
750 1321 777 1378 ei
792 1321 933 1380 civitatem
948 1318 1110 1380 Romanam.
1144 1319 1200 1382 Est

193 1404 268 1461 enim
283 1405 453 1481 peregrinae
470 1401 657 1478 conditionis,
674 1405 862 1464 manumissus
878 1422 893 1464 a
910 1406 1072 1482 peregrina.
1103 1403 1198 1464 Voca-

192 1496 238 1545 tur
263 1487 327 1563 ipse
354 1485 531 1564 Harpocms,
557 1494 703 1562 patronum
729 1486 824 1546 babuit
851 1486 1033 1547 Thermuthin
1058 1485 1196 1565 Theonis,

192 1586 264 1647 quae
285 1570 338 1628 iam
360 1568 469 1646 pridem
486 1567 617 1628 defuncta
635 1577 689 1628 est.
720 1568 792 1630 ltem
811 1587 883 1648 rogo
904 1570 956 1631 des
977 1572 1023 1631 ius
1045 1569 1196 1643 Quiritium
1209 1579 1245 1632 1⁵

191 1652 301 1713 libertis
317 1653 457 1713 Antoniae
471 1650 659 1728 Maximillae,
677 1656 869 1715 amatissimae
884 1654 1022 1731 iemiuae,
1033 1653 1154 1732 ,Hediae
1169 1665 1198 1715 et

191 1737 331 1797 Antoniae
347 1736 519 1804 Harmeridi;
534 1735 610 1814 quod
625 1754 641 1796 a
654 1744 684 1795 te
700 1746 816 1815 petente
832 1746 949 1815 patrono
963 1747 1041 1817 peto.

597 1869 645 1930 vr.
669 1871 782 1950 [mnu]

412 1967 439 2017 Ο.
457 1967 582 2018 PLINIUS
600 1969 744 2021 TRAIANO
760 1969 968 2020 IMPERATORI.
1205 2001 1246 2054 Μ

170 2080 182 2130 1
253 2065 320 2142 Ago
334 2066 451 2141 gratias,
467 2064 597 2145 domine,
615 2069 691 2146 quod
703 2079 732 2129 et
747 2070 791 2129 ius
806 2067 955 2141 Quiritium
970 2067 1079 2130 libertis
1093 2087 1197 2130 neces·

191 2151 281 2210 seriae
302 2148 368 2207 mihi
385 2148 511 2210 lemicae
534 2161 564 2212 et
580 2154 723 2213 civitatem
737 2151 889 2212 Romanam
904 2151 1090 2230 Harpocrati,
1113 2154 1195 2214 iatra-

189 2234 277 2312 liptae
294 2250 375 2310 meo,
399 2235 459 2293 sine
475 2250 553 2294 mora
569 2235 720 2298 indulsisti.
748 2236 807 2296 Sed
822 2254 885 2296 cum
900 2253 989 2297 annos
1004 2239 1068 2298 eius
1083 2245 1114 2297 et
1128 2254 1197 2297 cen·

189 2336 262 2396 sum,
279 2320 353 2378 sicut
366 2334 570 2398 praeceperas,
590 2318 716 2399 ederem,
731 2320 889 2382 admonitus
905 2339 966 2381 sum
980 2337 996 2380 u
1011 2321 1197 2399 peritioribus

190 2403 325 2463 debuisse
342 2420 388 2462 me
403 2411 468 2461 ante
482 2404 509 2460 ei
522 2402 741 2464 Alexandrinam
756 2407 899 2465 civitatem
913 2407 1074 2483 inpetrare,
1090 2403 1195 2464 deiude
1204 2416 1244 2469 ab

165 2485 362 2562 uRomauam,
381 2487 511 2566 quoniam
530 2497 609 2548 esset
623 2488 795 2566 Aegyptius.
826 2488 892 2567 Ego
907 2498 1018 2566 eutem,
1039 2490 1104 2566 quia
1121 2489 1198 2549 inter

189 2572 352 2652 Aegyptios
381 2580 555 2650 ceterosque
578 2575 749 2652 peregrinos
770 2572 838 2632 nihil
862 2575 1005 2634 interesse
1031 2571 1196 2650 credebam,

190 2665 340 2716 contentus
362 2654 471 2716 luerem
492 2655 549 2716 hoe
569 2655 662 2718 solum
677 2658 806 2717 scribere
821 2658 882 2735 tibi,
899 2675 964 2717 eum
979 2656 1093 2718 scilicet
1110 2675 1127 2716 a
1143 2673 1197 2734 pe-

187 2741 301 2815 regriua
315 2743 514 2801 manumissum
529 2750 732 2820 patronamque
750 2742 813 2802 eius
829 2743 882 2800 iam
896 2739 1006 2819 pridem
1017 2739 1195 2821 decessisse.

186 2820 232 2881 De
247 2839 302 2900 quo
320 2824 479 2900 ignorantia
492 2841 555 2885 meu
572 2843 629 2886 non
644 2843 760 2904 queror,
775 2843 829 2905 per
843 2841 926 2904 quem
941 2826 1020 2886 stetit
1036 2823 1066 2884 u't
1078 2824 1129 2885 tibi
1141 2831 1243 2902 probb

188 2904 291 2966 eodem
311 2905 425 2966 homine
446 2910 562 2985 saepius
584 2909 738 2988 obligaret.
770 2908 855 2986 Rogo
870 2911 983 2988 itaque,
1005 2917 1036 2970 ut
1051 2909 1196 2969 beneficio

186 3001 236 3051 tuo
250 2990 379 3069 legitima
397 2991 451 3050 irai
466 2994 590 3071 possim,
607 2995 714 3054 tribuas
730 2995 758 3054 ei
773 3001 803 3053 et
817 2991 1035 3055 Alexandrinam
1051 2994 1197 3052 civitatem

187 3087 216 3137 et
230 3074 391 3136 Romanam.
412 3074 510 3136 Annos
527 3076 588 3138 eius
606 3088 635 3139 et
650 3096 778 3155 censum,
794 3097 831 3138 ne
847 3077 914 3156 quid
929 3095 1027 3138 rursus
1046 3075 1196 3153 indulgen·

188 3163 254 3220 tiam
272 3171 347 3223 tuam
360 3169 528 3238 moraretur,
544 3161 656 3224 libertis
673 3163 729 3224 tuis
748 3163 851 3242 quibus
868 3163 994 3224 iusseras
1011 3162 1083 3220 misi.

587 3296 650 3358 v11.
667 3296 794 3374 [mmm

521 3393 686 3446 TRAIANUS
704 3395 810 3447 PLINIO
830 3395 858 3449 S.

247 3492 397 3554 civitatem
410 3495 628 3556 Alexandrinam
643 3495 800 3556 secuudum
815 3498 1019 3558 iustitutionem
1035 3495 1194 3574 principum

1202 3253 1239 3310 35
