2616 4096
343 290 606 355 EPISTULARUM
621 289 685 354 vlt.
707 301 811 357 ron.
1020 289 1085 357 139

349 541 377 598 (i.
395 540 522 594 PLINIUS
538 443 684 594 MylillRlNO
703 539 764 593 SUO
783 539 810 596 S.

139 660 215 736 Quia
235 663 316 740 ipse,
343 678 408 723 cum
429 663 519 741 prima
537 661 677 738 cognovi,
703 660 823 739 iungere
849 669 976 721 extrema
1001 660 1102 738 quasit
1159 699 1161 704 ,

67 745 176 808 avulsa
190 747 294 824 cupio,
316 753 346 805 te
363 762 477 825 quoque
493 746 624 806 existimo
638 742 715 804 velle
730 744 767 805 de
781 743 894 804 Vareno
909 753 938 804 et
952 743 1081 818 bithynie

42 829 189 908 breliqua
204 846 394 906 cognoscere.
413 828 486 890 Acta
498 846 583 889 cansa
593 827 684 888 binca
695 826 850 906 Polyaeno,
862 827 927 888 inde
940 825 1080 905 abiegno.

69 912 179 974 Finitis
202 912 361 974 actionibus
379 909 486 972 Caesar
505 915 628 972 ‘neutra'
650 912 748 990 inquid
769 915 847 990 ‘pars
863 910 899 972 de
917 927 996 970 mora
1012 923 1107 990 que-t

69 1007 171 1057 retur:
193 997 247 1056 erit
263 995 329 1054 mibi
354 1013 438 1055 curne
453 995 604 1075 explorare
616 997 780 1074 provinciae
791 995 988 1055 volontatem!
1008 993 1108 1061 Mul-3

71 1088 134 1140 tum
149 1081 262 1139 interim
276 1077 404 1140 Varenus
419 1077 492 1139 tulit
513 1077 629 1138 Etenim
643 1096 726 1156 quam
741 1078 855 1138 dubium
870 1087 915 1139 est
929 1096 964 1137 an
980 1079 1081 1138 merito

71 1172 231 1224 accusetur
242 1163 290 1241 qui
303 1179 338 1221 an
356 1163 467 1222 omnino
482 1171 635 1223 accusetur
648 1163 786 1222 incertum
801 1157 869 1223 esti
891 1161 1031 1240 Superest
1045 1179 1082 1221 ue

32 1259 175 1310 lorursus
192 1247 355 1324 provinciae
377 1245 453 1324 quod
469 1244 615 1305 damnasse
636 1244 738 1305 dicitur
752 1244 864 1324 placeat
879 1252 1001 1323 agatque
1013 1263 1081 1323 pac-

72 1331 222 1390 nitentiam
239 1330 427 1408 paenitentiae
442 1347 520 1389 suae.
550 1327 632 1408 Vale.

258 1577 286 1629 G.
301 1577 429 1631 PLINIUS
442 1479 777 1631 umnodluaosocuuo
793 1576 853 1628 SUO
872 1576 899 1632 S.
974 1653 979 1664 ‚

36 1722 68 1774 15
138 1695 248 1758 bliraris
269 1697 346 1775 quod
366 1696 505 1776 Hermes,
526 1697 646 1758 libertus
667 1715 767 1774 meus,
787 1696 975 1758 hereditarios
995 1707 1104 1772 agrosl

77 1799 154 1861 quos
169 1798 227 1858 ego
244 1784 382 1842 iusseram
395 1782 538 1860 proscribi
552 1798 609 1840 non
623 1789 792 1859 exspectata
804 1782 936 1842 auctione
948 1795 1001 1859 pro
1015 1795 1080 1838 meo

76 1866 241 1944 quincunce
256 1883 293 1924 ex
306 1866 495 1943 septingentis
515 1865 629 1925 milibus
645 1863 789 1925 Corelliae
805 1863 952 1926 addixerit.
982 1860 1080 1922 Adicis

76 1950 132 2009 bos
154 1949 304 2026 nongentis
316 1946 431 2009 milibus
447 1966 537 2027 posse
554 1949 704 2009 venirene
720 1957 796 2008 tanto
810 1950 900 2025 magis
918 1947 1031 2026 quoeris
1045 1963 1081 2006 an

77 2031 157 2112 qnod
172 2032 265 2110 gessit
278 2041 367 2091 ratum
378 2050 500 2093 servem.
523 2031 587 2110 ligo
602 2049 673 2092 uero
687 2049 789 2093 servo:
807 2032 909 2111 quibus
924 2050 961 2091 ex
976 2030 1107 2106 causina

35 2117 192 2194 aonccipe.
215 2112 306 2194 cnpio
324 2116 398 2175 enim
413 2125 443 2176 et
456 2116 507 2177 tibi
523 2115 672 2193 probatum
689 2125 718 2175 et
735 2115 926 2176 coheredibus
942 2115 1014 2174 meis
1031 2130 1081 2174 ex·

79 2207 208 2260 ousatum
223 2216 290 2260 esso
306 2199 383 2276 quod
402 2216 447 2260 me
470 2198 576 2260 abillis
591 2201 697 2259 maiore
709 2199 806 2260 cilicio
816 2199 932 2260 iubente
946 2213 1080 2259 secerno.

78 2280 234 2343 Corelliam
252 2300 315 2342 cum
331 2300 437 2343 summa
450 2283 611 2343 reverentia
632 2282 738 2361 diligo,
762 2285 880 2362 primum
903 2291 934 2342 ut
954 2289 1106 2342 sororemi

79 2364 191 2427 Corelli
212 2365 292 2441 linit,
315 2367 396 2427 cuius
410 2367 476 2426 mibi
490 2367 625 2427 memoria
642 2375 825 2427 sacrosancta
844 2376 907 2444 est,
929 2363 1031 2425 deindo
1050 2372 1082 2422 ut
1170 2429 1171 2433 ,
1242 2385 1244 2390 ¹

79 2451 160 2510 matri
183 2467 263 2508 meae
282 2449 533 2510 familiarissimam.
564 2451 635 2511 Sunt
656 2451 723 2510 mibi
746 2460 775 2511 et
800 2467 864 2510 cum
883 2451 983 2509 marito
1005 2449 1105 2523 eluat

38 2531 196 2596 tollinicio
215 2530 311 2611 lusto,
337 2535 444 2611 optimo
457 2535 538 2610 viro,
564 2545 663 2594 vetera
677 2534 750 2602 iura:
774 2534 888 2594 inerunt
900 2541 929 2592 et
944 2548 1008 2591 cum
1022 2529 1081 2591 lilio

79 2617 217 2693 maxima,
237 2615 310 2676 adeo
331 2617 445 2696 quidem
465 2627 496 2678 ut
510 2626 645 2696 praetore
659 2635 704 2677 me
719 2616 794 2677 ludis
808 2618 879 2678 meis
894 2613 1081 2694 praesederit.

79 2699 170 2778 llaec,
190 2717 254 2759 cum
270 2702 395 2778 proxime
411 2703 477 2762 istic
492 2701 552 2779 fui,
574 2701 706 2762 indicarit
720 2700 788 2760 mibi
803 2718 911 2780 cupere
926 2717 960 2759 se
975 2696 1103 2777 eliquid5

82 2786 157 2844 circa
182 2782 291 2842 barium
312 2793 438 2845 nostrum
459 2785 621 2862 possidere.
653 2784 717 2862 Ego
737 2784 780 2844 illi
804 2803 841 2845 ex
861 2782 986 2862 praediis
1009 2783 1081 2843 meis

81 2867 156 2947 quod
169 2865 259 2927 uellet
273 2875 302 2928 et
317 2870 411 2946 quauti
425 2868 516 2928 vellet
530 2867 631 2945 obtuli,
649 2871 781 2948 exceptis
795 2869 929 2930 maternis
942 2868 1081 2947 paternis·

43 2963 153 3030 noque:
178 2949 225 3012 bis
244 2951 319 3010 euiru
341 2951 447 3013 cedere
471 2971 508 3014 ne
530 2950 675 3013 Corelliae
699 2951 812 3032 quidem
832 2969 961 3032 possum.
993 2950 1108 3028 Igitur6

83 3051 146 3095 cunr
165 3034 331 3096 obvenisset
350 3034 416 3094 mibi
437 3035 581 3097 heredites
602 3039 631 3096 in
650 3054 705 3114 qua
722 3036 838 3115 praedia
852 3039 917 3114 ista,
932 3035 1036 3112 scripsi
1054 3035 1082 3093 ei

81 3117 192 3178 venalia
207 3117 309 3178 lutura.
341 3117 398 3180 Han
413 3119 549 3198 epistulas
566 3118 685 3181 llcrrues
705 3118 769 3181 tulit
783 3121 967 3198 exigentique
981 3127 1012 3178 ut
1026 3126 1082 3178 sta·

82 3205 131 3261 tim
146 3202 305 3279 portionem
326 3220 416 3263 meam
436 3203 491 3264 sibi
505 3203 652 3264 addiceret
666 3206 767 3282 pamit.
792 3203 880 3265 Vides
895 3219 977 3281 quam
993 3210 1082 3261 ratum

81 3284 186 3346 bebere
200 3283 321 3347 debeam
335 3285 412 3364 quod
426 3286 545 3348 libertus
564 3306 645 3348 meus
662 3289 734 3349 meis
752 3288 878 3349 moribus
893 3281 1006 3364 gessit?
1027 3283 1103 3345 Sui

44 3377 179 3514 depereat
200 3369 522 3514 ⁰¹d⁰⁰lfll⁰ll¹⁰⁸.t³⁰l⁰?
541 3373 632 3432 animo
648 3371 740 3514 ierpnt
756 3371 909 3514 seplaqratim
921 3386 967 3428 me
982 3365 1082 3510 ssendi:
1110 3427 1113 3430 .

83 3470 243 3598 ttitt
262 3471 553 3618 ttnffittttl?
567 3473 818 3600 illidito.
834 3469 1109 3599 :tottionis
