2632 4096
220 327 262 390 98
648 325 682 386 C.
703 324 800 386 l’bllll

219 481 360 542 iacturum
381 498 448 540 esse
470 478 608 539 confidam
630 479 674 557 (id
695 480 768 538 enim
789 487 897 537 temere
920 476 1021 538 credas
1040 478 1095 538 nisi
1121 496 1229 556 exper-

221 567 300 645 tus),
323 563 375 625 sed
396 565 461 641 quia
477 562 544 621 mihi
560 561 708 640 pulchrum
721 562 750 620 in
763 562 861 640 primis
875 560 989 620 videtur
1001 578 1056 620 non
1074 561 1131 639 pati
1147 565 1230 622 occi-

221 650 291 710 dere
314 648 415 727 quibus
441 646 593 706 aeternitas
615 644 752 705 debeatur
775 644 950 721 aliorumque
971 643 1070 703 lamam
1090 663 1154 704 cum
1175 665 1230 706 sua

194 732 387 797 textendcrc.
418 727 465 789 lle
483 739 577 789 autem
596 727 664 788 nihil
685 746 777 806 aeque
792 745 826 786 ac
840 726 1027 788 diuturnitatis
1040 745 1118 787 amor
1131 737 1163 788 et
1177 747 1230 788 cu·

222 817 289 897 pido
304 813 456 890 sollicitat,
470 829 518 872 res
532 811 644 870 homine
660 811 839 888 dignissima,
863 827 900 870 eo
915 812 1082 889 praesertim
1098 813 1146 890 qui
1163 812 1255 875 nul-5

221 902 276 961 lius
292 899 346 958 sibi
362 897 495 957 conscius
511 893 613 972 culpae
625 897 799 974 posteritatis
810 897 972 954 memoriam
982 911 1038 953 nou
1048 894 1229 956 reformidet.

195 983 321 1060 altaque
338 980 437 1040 dicbus
449 997 482 1040 ac
495 978 628 1037 noctibus
646 980 744 1056 cogito
758 980 783 1036 si
799 995 853 1056 qua
867 994 912 1037 me
925 995 1039 1056 quoque
1051 981 1160 1056 poesim
1171 979 1231 1040 tol·

221 1066 283 1125 lere
305 1064 404 1131 humo;
428 1062 455 1121 id
474 1064 548 1122 enim
561 1072 631 1123 voto
645 1079 710 1122 mco
726 1061 849 1137 suflicit,
871 1060 941 1120 illud
961 1078 1046 1139 supra
1060 1071 1157 1122 votum
1172 1065 1230 1122 ‘vi
1310 1025 1312 1104 l

222 1159 342 1226 ctorque
356 1148 446 1205 virum
466 1145 585 1206 volitare
601 1163 655 1224 per
670 1162 728 1205 ora.
758 1144 930 1222 Quamquam
948 1143 999 1203 ol'
1015 1144 1068 1204 sed
1084 1146 1140 1206 boc
1156 1148 1229 1207 satis

199 1242 281 1310 lest,
298 1230 374 1309 quod
390 1247 482 1308 prope
501 1228 563 1290 sola
578 1230 695 1290 historia
709 1227 840 1306 polliceri
856 1228 976 1287 videtur.
1009 1227 1133 1288 Orationi
1151 1231 1264 1290 enimin

221 1327 251 1378 et
273 1315 388 1376 carmini
406 1331 492 1392 parva
511 1315 618 1391 gratia,
641 1313 695 1373 nisi
715 1311 877 1389 eloquentia
900 1321 945 1371 est
967 1328 1086 1372 summa:
1108 1312 1230 1374 historia

224 1416 339 1480 quoquo
354 1397 439 1457 modo
451 1398 558 1474 scripta
572 1396 706 1457 delectat.
736 1395 808 1455 Sunt
829 1395 903 1454 enim
918 1395 1046 1456 homines
1060 1405 1158 1456 natura
1176 1415 1230 1458 cu·

219 1483 289 1543 riosi
302 1490 332 1541 et
346 1479 500 1559 quamlibet
514 1479 587 1539 nuda
599 1496 694 1538 rerum
708 1479 871 1556 cognitione
887 1480 1044 1558 capiuntur,
1057 1489 1088 1539 ut
1102 1483 1150 1558 qui
1165 1500 1230 1541 ser·

220 1563 360 1624 munculis
379 1565 462 1626 etiam
477 1562 647 1640 fabellisque
663 1563 807 1622 ducantur.
838 1561 885 1622 lle
898 1580 969 1622 vero
986 1562 1021 1621 ad
1034 1563 1091 1622 boc
1103 1564 1229 1624 studium

194 1648 340 1729 5impellit
351 1646 536 1708 domesticum
548 1663 662 1725 quoque
674 1645 846 1724 exemplum
867 1646 1033 1707 Avunculus
1043 1665 1124 1708 meus
1135 1647 1228 1708 idem·
1238 1653 1269 1704 15

222 1752 278 1812 que
294 1750 347 1811 per
365 1731 547 1811 adoptionem
571 1740 652 1808 pater
671 1729 802 1790 historias
828 1739 857 1790 et
877 1730 991 1809 quidem
1007 1730 1229 1809 religiosissime

222 1818 347 1896 scripsit.
385 1815 503 1876 Invenio
523 1823 616 1874 autem
636 1814 711 1892 apud
740 1814 875 1892 sapientis
901 1814 1129 1874 honestissimum
1156 1834 1229 1876 csse

220 1901 355 1960 maiorum
374 1898 496 1976 vestigia
516 1897 615 1975 sequi,
640 1897 665 1958 si
684 1897 769 1956 modo
789 1906 870 1957 recto
884 1898 987 1958 itinere
1001 1901 1228 1978 praecesserint.

197 1981 283 2047 ocur
297 1998 367 2059 ergo
380 1977 519 2042 cunctor?
540 1979 596 2058 Egi
610 1997 725 2057 magnas
736 1990 765 2040 et
778 1999 881 2058 graves
894 1999 1004 2043 causas.
1025 1981 1095 2059 llas,
1114 1984 1228 2044 etiamsi

221 2066 288 2125 mibi
299 2065 392 2126 tenuis
407 2083 444 2124 ex
455 2065 499 2125 bis
514 2082 595 2142 spes,
612 2062 723 2125 destino
738 2073 903 2144 retractare,
919 2084 955 2126 ue
970 2075 1062 2128 tantus
1076 2065 1126 2138 ille
1141 2067 1228 2128 labor
1237 2068 1269 2120 2⁰

222 2166 320 2226 meus,
339 2149 392 2207 uisi
410 2147 467 2207 boc
488 2147 563 2224 quod
578 2145 717 2226 reliquum
729 2157 775 2209 cst
789 2148 873 2210 studii
888 2149 1035 2229 addidero,
1049 2167 1159 2210 mecum
1175 2168 1229 2228 pa·

197 2233 291 2295 triter
301 2230 458 2293 intercidat.
484 2229 555 2292 Nam
570 2231 595 2291 si
608 2232 744 2292 rationem
759 2232 935 2311 posteritatis
948 2234 1072 2311 habeas,
1089 2233 1229 2312 quidquid
1310 2231 1311 2288 l

221 2333 278 2377 uon
295 2325 339 2378 cst
354 2324 508 2393 peractum,
524 2331 576 2392 pro
592 2332 648 2375 non
658 2315 791 2377 inchoato
802 2326 856 2378 est.
878 2315 967 2377 Dices
982 2322 1079 2395 ‘potes
1094 2317 1177 2379 simul
1196 2327 1229 2378 et

221 2400 384 2461 rescribere
412 2398 541 2460 actiones
563 2407 592 2458 et
617 2416 791 2478 componere
813 2400 979 2460 historiam?
1015 2399 1140 2460 Utinam!
1170 2401 1229 2461 sed

194 2493 370 2562 &utrumque
385 2493 440 2544 tam
452 2499 584 2559 magnum
598 2491 644 2542 est
655 2493 685 2541 ut
698 2483 808 2544 abunde
823 2484 860 2543 sit
871 2482 989 2544 alterum
1000 2483 1127 2544 efficere.
1146 2483 1227 2544 Uno·
1236 2493 1270 2546 tt

222 2566 416 2628 devicensimo
432 2567 532 2627 aetatis
546 2583 618 2625 anno
634 2566 731 2627 dicere
745 2567 773 2626 in
789 2566 852 2626 loro
868 2567 963 2646 coepi,
980 2576 1008 2628 et
1023 2585 1098 2628 nunc
1112 2567 1228 2628 demum

222 2652 290 2730 quid
305 2660 450 2729 praestare
466 2651 567 2710 debeat
582 2656 693 2728 orato'r,
715 2650 806 2710 adbuc
825 2659 918 2711 tamen
940 2668 992 2729 per
1013 2651 1162 2729 caliginem
1182 2653 1226 2710 vi-

195 2735 288 2796 odeo.
311 2731 396 2811 Quid,
410 2734 434 2795 si
448 2734 514 2794 buic
530 2735 609 2794 oneri
624 2752 728 2793 novum
739 2729 917 2794 accesserit?
934 2734 1026 2796 Habet
1037 2735 1150 2813 quidem
1162 2751 1227 2795 ora·

221 2817 262 2877 tio
278 2824 307 2875 et
321 2816 437 2876 historia
453 2817 539 2877 multa
560 2819 732 2893 communia,
757 2817 809 2878 sed
824 2817 905 2896 plura
926 2817 1037 2878 diversa
1050 2819 1079 2877 iu
1093 2819 1136 2878 his
1150 2819 1226 2897 ipsis
1310 2811 1311 2896 l

223 2916 296 2978 quae
312 2900 467 2958 communia
480 2901 618 2960 videntur.
651 2899 750 2961 Narrat
764 2900 830 2979 illa,
845 2911 937 2962 narrat
951 2902 1040 2978 baec,
1056 2902 1108 2963 scd
1125 2901 1267 2964 aliter23tt
1310 2901 1311 2925 ¹

222 2983 288 3044 buic
302 2982 440 3062 pleraque
452 2983 564 3044 bomilia
579 2994 608 3044 et
625 2985 738 3045 sordida
749 2995 778 3045 et
791 3003 828 3044 ex
838 2983 931 3045 medio
947 2985 1052 3063 petita,
1071 2985 1112 3043 illi
1131 2986 1226 3046 omnia

181 3066 368 3132 iurecondita
395 3065 543 3145 splendida
570 3068 686 3130 excelsa
708 3069 893 3128 conveniunt:
918 3069 990 3129 hanc
1017 3069 1132 3147 saepius
1156 3086 1226 3130 ossa

222 3150 343 3211 masculi
357 3152 453 3228 nervi,
476 3151 551 3211 illam
568 3154 623 3211 tori
640 3152 750 3232 quidam
765 3161 796 3211 et
811 3153 891 3230 quasi
909 3153 992 3212 iubae
1008 3152 1125 3212 decent:
1151 3152 1226 3212 haec

221 3234 270 3294 vel
291 3234 410 3295 maxime
430 3237 458 3294 vi
478 3235 657 3296 amaritudine
678 3236 824 3313 instantia,
849 3234 897 3295 illa
922 3244 1012 3296 tractu
1034 3245 1063 3295 et
1084 3237 1224 3296 suavitate

223 3317 315 3397 adque
332 3320 415 3380 etiam
430 3317 580 3380 dulcedine
598 3319 702 3398 placet.
735 3317 883 3380 Postremo
898 3319 952 3380 alia
968 3319 1074 3396 verba,
1087 3318 1161 3380 alius
1175 3329 1267 3382 sotto

181 3413 293 3479 llnus,
316 3402 371 3462 alla
391 3405 575 3463 constmctio.
607 3401 678 3462 llam
692 3401 841 3479 plurimum
860 3403 965 3481 refert,
992 3411 1022 3462 ut
1041 3401 1223 3478 Thucydides

223 3486 278 3560 ait,
295 3486 450 3564 scriptasit
464 3505 499 3546 an
511 3476 683 3564 ἀγώνισμα
695 3507 703 3554 ;
719 3503 837 3564 quorum
854 3485 973 3546 alterum
987 3486 1087 3562 oratio,
1103 3485 1224 3547 alterurn

222 3567 339 3628 historia
355 3578 408 3629 est.
429 3567 475 3628 Ex
485 3568 528 3628 his
547 3569 639 3628 causis
654 3584 710 3628 nou
724 3568 849 3630 adducor
862 3579 893 3630 ut
905 3569 960 3630 duo
971 3568 1114 3632 dissimilia
1125 3579 1155 3629 et
1167 3571 1224 3630 boc
