2614 4104
215 293 278 358 232
512 291 545 354 C.
567 292 664 354 l'lle
685 292 734 353 llT
756 293 913 355 TRAIANI

216 455 283 527 post
296 445 420 507 edintum
434 464 538 524 meum,
553 465 610 526 quo
626 445 781 507 secundum
794 446 921 507 mandata
936 456 982 508 tua
995 447 1140 511 hetaerias
1153 467 1215 514 esse

189 539 371 595 evetueram.
393 528 459 604 Quo
480 533 570 608 magis
586 533 779 591 necessarium
795 530 904 590 credidi
918 549 956 592 ex
968 531 1077 594 duabus
1096 533 1215 612 ancillis,

217 633 290 694 quae
312 616 455 674 ministrae
475 614 657 691 dicebantur,
685 613 752 692 quid
773 624 853 675 esset
873 618 934 675 veri
953 624 983 676 et
1002 634 1057 695 per
1077 626 1215 678 tormenta

216 715 365 778 quaerere.
393 695 470 756 Nihil
490 696 565 758 aliud
585 699 679 758 inveni
698 707 782 778 quam
800 701 1032 776 superstitionem
1046 718 1163 780 pravam
1177 702 1215 761 iu·

216 783 363 842 modicam.
384 780 454 840 ldeo
469 779 554 842 dilata
568 783 731 858 cognitione
748 780 783 841 ad
799 782 1002 843 consulendum
1013 793 1044 843 te
1057 785 1237 846 decucurrit

190 865 284 932 ttVisa
304 874 350 925 est
369 865 443 924 euim
462 865 529 924 mibi
549 883 597 925 res
615 865 698 942 digne
714 863 936 944 consultatione,
961 869 1081 927 maxime
1099 878 1217 948 propter

216 947 435 1030 periclitantium
451 965 606 1008 numerum.
640 947 722 1008 IIulti
736 949 810 1008 enim
825 951 915 1010 omnis
930 953 1046 1030 aencis,
1066 955 1160 1013 omnis
1174 970 1217 1012 or·

216 1033 306 1108 dinis,
327 1032 475 1110 utriusque
491 1050 578 1093 sexus
594 1035 694 1109 etium,
719 1043 857 1093 vocantur
871 1034 900 1092 in
915 1034 1072 1113 periculum
1088 1045 1119 1096 et
1132 1049 1216 1096 voca·

215 1117 327 1176 buntur.
357 1114 460 1194 Neque
483 1117 612 1177 civitates
634 1125 738 1176 tautum
759 1115 812 1176 sed
829 1117 911 1177 vicos
933 1120 1017 1178 etiem
1031 1129 1117 1198 atque
1132 1137 1216 1198 agros

215 1201 426 1279 superstitionis
445 1202 526 1262 iscus
542 1203 673 1278 contagio
688 1209 841 1278 pervagata
854 1209 913 1270 est3
937 1219 1009 1280 quae
1025 1202 1140 1262 videtur
1157 1206 1216 1264 sisti
1224 1212 1249 1262 lt

174 1302 208 1354 10
216 1293 246 1346 et
265 1285 369 1362 corrigi
384 1301 484 1362 posse.
508 1282 595 1345 Certe
612 1284 679 1344 satis
696 1291 807 1344 constet
825 1301 917 1362 prope
935 1285 989 1344 lam
1003 1284 1133 1347 desolata
1150 1296 1216 1347 tem·

216 1369 265 1449 pla
280 1369 415 1447 coepisse
431 1367 572 1430 celebrari
586 1377 616 1427 et
632 1385 713 1426 sacra
724 1365 873 1428 sollemnia
887 1367 934 1427 diu
947 1369 1108 1432 intermIssa
1125 1373 1217 1450 repeti

216 1463 384 1530 pastumque
399 1453 498 1512 venire
518 1451 708 1528 victimarum,
726 1452 813 1511 ouius
826 1451 917 1511 adbuc
930 1453 1091 1514 rarissimus
1106 1464 1217 1534 emptor

215 1534 420 1595 inveniebatur.
449 1533 566 1612 linquo
586 1533 671 1594 iacile
689 1543 736 1594 est
756 1535 864 1613 opiueri
885 1553 957 1614 quae
979 1537 1059 1596 turba
1074 1537 1216 1598 bominum

216 1618 474 1696 emendari'possit,
491 1620 515 1678 si
532 1619 569 1680 sit
582 1618 772 1696 paenitentiae
787 1617 879 1678 locus.
1224 1626 1249 1678 15

569 1731 684 1795 xcvu.
706 1733 857 1813 [novur]

546 1833 708 1885 TRAIANUS
727 1834 833 1884 PLINIO
852 1832 878 1890 S.

191 1940 206 1990 l
278 1921 381 1980 Actum
396 1936 480 1997 quem
495 1918 635 1997 debuisti,
657 1919 694 1978 mi
715 1917 865 1995 Secunde,
886 1920 914 1978 in
930 1917 1108 1978 excutiendis
1124 1923 1217 1982 causis

216 2021 315 2064 eorum
331 2003 379 2080 qui
399 2001 549 2062 Christiani
565 2003 600 2062 ed
621 2013 649 2063 te
670 2001 755 2062 delati
774 2002 884 2062 fuerant
904 2012 1020 2063 secutus
1042 2022 1085 2063 es.
1113 2002 1217 2084 Neque

215 2087 289 2148 enirn
307 2088 335 2144 iu
356 2086 517 2146 uniuersum
537 2084 641 2163 aliquid
658 2085 734 2164 quod
754 2087 834 2164 quasi
855 2093 960 2145 certam
980 2085 1099 2146 formem
1112 2085 1253 2149 babenb]

187 2171 347 2239 accustitui
364 2178 470 2247 potest.
503 2167 695 2246 Conquirendi
714 2187 770 2228 uon
791 2179 869 2228 sunt:
895 2171 920 2230 si
938 2168 1102 2230 delerentur
1121 2181 1153 2231 et
1176 2191 1219 2232 ur·

215 2263 350 2337 guantur,
372 2252 507 2332 puniendi
524 2261 606 2330 suut,
630 2255 667 2312 ita
686 2261 778 2312 tamen
800 2263 830 2312 ut
854 2255 901 2331 qui
922 2255 1069 2331 negaverit
1085 2274 1119 2314 se
1137 2254 1218 2316 Glori-

214 2341 333 2400 stiauum
348 2355 415 2398 esse
431 2338 516 2415 idque
530 2355 562 2397 re
577 2339 639 2414 ipsa
654 2337 831 2397 manifestum
848 2337 968 2414 iecerit,
991 2336 1019 2397 id
1040 2347 1085 2398 est
1108 2339 1218 2419 suppli·

215 2422 304 2484 cando
318 2423 370 2485 diis
382 2422 498 2498 uostris,
508 2421 635 2499 quamuis
645 2430 798 2499 suspectus
810 2422 838 2478 iu
850 2423 1044 2499 praeteritum,
1056 2425 1171 2484 veniam
1183 2441 1219 2484 ex

213 2508 386 2587 paenitentia
397 2508 527 2585 inpetret.
544 2504 613 2564 Siue
625 2513 743 2564 auctore
755 2521 825 2563 vero
836 2506 977 2584 propositi
988 2503 1079 2564 libelli
1090 2508 1123 2566 in
1135 2506 1251 2567 uulloii

215 2593 330 2651 ordmiue
341 2589 436 2650 locum
447 2589 553 2649 habere
566 2587 682 2648 debent.
703 2585 773 2646 Nem
788 2597 817 2647 et
833 2590 949 2666 pessimi
963 2589 1087 2668 exempli
1098 2609 1156 2650 neo
1167 2608 1218 2651 uo·

214 2676 264 2734 stri
278 2673 451 2736 saeculiest.
1033 2714 1034 2718 ,

553 2768 683 2832 xcvru.
705 2768 870 2849 pronun]

432 2869 458 2921 G.
477 2871 602 2922 PLINIUS
622 2871 766 2923 TRAIANO
787 2869 996 2924 IMPERATORI.

191 2967 204 3019 1
277 2952 514 3014 Amastrianorum
533 2955 648 3034 civitas,
670 2955 798 3035 domiue,
823 2966 853 3017 ot
869 2955 987 3033 elegans
1010 2965 1040 3016 et
1054 2965 1154 3017 ometa
1169 2957 1252 3022 ba-lt

214 3039 264 3099 bet
277 3040 353 3098 inter
366 3039 519 3117 praecipua
538 3055 627 3117 opera
647 3039 863 3118 pulcherrimam
883 3039 1059 3119 eandemque
1080 3038 1217 3118 longissi-

214 3141 286 3183 mam
302 3120 440 3201 plateam;
463 3124 543 3181 ouius
558 3141 574 3183 a
588 3121 679 3184 latere
694 3142 747 3202 per
762 3127 883 3203 spatium
897 3139 981 3184 omne
995 3125 1152 3203 porrigitur
1165 3142 1216 3186 no

213 3207 288 3266 miae
305 3205 417 3286 quidem
438 3206 558 3284 flumen,
579 3225 613 3266 re
632 3225 701 3268 vera
719 3207 819 3270 cloaca
833 3207 999 3268 foedissime
1018 3225 1051 3268 ac
1067 3210 1143 3269 sicut
1158 3218 1216 3269 tur·

186 3291 258 3369 ‘tpis
272 3289 484 3351 inmundissimo
501 3300 622 3369 espectu
643 3291 681 3351 ita
694 3290 835 3369 pestilens
851 3292 940 3352 odore
956 3292 1113 3353 teterrimo.
1144 3292 1215 3366 Qui-

214 3373 267 3434 bus
288 3391 326 3434 ex
345 3374 438 3434 causis
458 3392 515 3434 uou
534 3375 624 3433 miuus
647 3373 819 3436 salubritatIs
844 3393 925 3455 quam
950 3374 1066 3436 decoris
1094 3377 1252 3437 iuterestto

213 3472 276 3516 eam
290 3459 420 3532 contegi:
435 3457 511 3535 quod
526 3458 585 3533 liet,
598 3457 623 3517 si
634 3459 799 3535 permiseris
815 3458 976 3528 curantibus
991 3458 1073 3519 nobis
1090 3479 1128 3522 ue
1140 3459 1214 3520 desit

213 3554 328 3614 quoque
342 3540 463 3616 pecunia
477 3542 558 3618 operi
570 3549 625 3599 em
641 3557 743 3618 magno
760 3559 843 3619 quam
857 3543 1033 3604 necessario
