2632 4096
223 288 266 350 60
649 283 682 346 c.
704 283 801 346 Ptlrtt

198 439 413 502 adelinimentis
433 439 638 516 refringantur:
667 438 838 499 hebetentur
857 437 981 500 fortasse
1003 447 1033 498 et
1053 439 1167 518 paulum
1184 460 1234 502 re·

198 522 390 600 ttundantur,
413 522 500 582 evelli
520 521 637 601 quidam
658 523 881 600 extorquerique
903 537 960 582 non
982 533 1111 601 possunt.
1140 522 1233 602 lgitur

223 624 281 669 noo
295 616 404 667 temere
426 607 481 666 ianr
501 623 576 667 nunc
598 605 634 667 de
655 607 839 666 universitate
861 608 1029 684 pronuntio,
1051 607 1087 666 de
1102 609 1231 686 partibus

225 693 356 770 experiar
369 688 503 766 legendo.
536 688 619 752 Vale.

687 819 763 884 XVI·
1238 791 1262 845 ⁵

513 917 540 972 C.
558 919 686 972 PLINIUS
701 921 817 974 NEPOTI
836 920 895 974 SUO
911 918 938 972 S.

197 1041 212 1090 1
284 1023 446 1084 Adnotasse
460 1022 561 1083 videor
572 1023 648 1084 iacta
659 1023 791 1103 dietaque
803 1025 927 1086 virorum
937 1022 1161 1102 feminarumque
1171 1025 1228 1088 alia

196 1107 341 1172 nctanora
357 1126 425 1169 esse
439 1106 493 1168 alia
507 1109 621 1168 maiora.
649 1105 820 1168 Confirmata
836 1116 881 1168 est
901 1109 997 1186 opinio
1012 1124 1075 1170 mea
1089 1108 1227 1170 hesterno

222 1189 343 1251 Fanniae
357 1207 499 1254 sermone.
521 1189 624 1272 Neptis
637 1191 710 1252 haee
724 1192 824 1252 Arriae
838 1190 914 1252 iilius
929 1209 1002 1270 quae
1016 1193 1116 1252 marito
1130 1201 1160 1252 et
1174 1211 1225 1258 so-
1236 1205 1274 1258 ιο

222 1273 323 1336 lanium
345 1276 443 1338 mortis
464 1285 494 1336 et
516 1274 680 1356 exemplum
701 1275 763 1337 iuit.
793 1274 883 1336 liuba
902 1275 1047 1336 referebat
1061 1277 1141 1336 ariae
1157 1295 1227 1340 suae

220 1375 278 1419 non
292 1361 401 1419 minora
416 1360 472 1419 hoe
487 1358 540 1419 sed
556 1359 738 1428 obscuriora;
760 1377 833 1438 quae
853 1360 904 1419 tibi
926 1360 1059 1422 existimo
1074 1367 1129 1422 tam
1143 1363 1226 1422 mira·

195 1443 287 1509 abilia
302 1442 411 1519 legenti
424 1442 499 1520 fore,
517 1459 599 1521 qaam
612 1444 679 1502 mihi
690 1441 813 1504 audienti
824 1443 944 1502 luerunt
966 1441 1141 1520 Aegrotabat
1153 1441 1226 1506 cne-

222 1527 284 1586 oina
300 1524 412 1603 Paetus,
429 1528 545 1586 maritus
560 1529 641 1604 oios,
658 1528 825 1604 aegrotabat
839 1535 869 1587 et
885 1525 975 1603 lilius,
992 1535 1112 1607 uterque
1127 1530 1225 1588 morti-

220 1609 299 1687 fere,
317 1619 347 1670 ut
367 1610 530 1671 videbatur:
548 1610 621 1672 illus
642 1609 768 1671 decessit
788 1611 888 1671 eximia
911 1609 1136 1688 pulchritudine,
1160 1614 1270 1690 parile

220 1693 403 1771 verecundia,
419 1703 448 1754 et
463 1693 630 1772 parentibus
644 1711 701 1754 non
716 1696 806 1754 minus
821 1694 858 1754 ob
874 1693 927 1754 alia
942 1711 1035 1767 carus,
1052 1712 1135 1773 quam
1147 1696 1225 1774 quod

193 1776 294 1844 atilius
315 1787 383 1838 erat.
416 1777 489 1837 lluie
509 1777 558 1837 illa
577 1779 614 1841 ita
635 1779 718 1838 sunus
739 1780 862 1856 parauit,
883 1779 923 1838 ita
943 1778 1022 1839 duxit
1041 1781 1179 1858 exequias
1194 1789 1225 1840 ut

219 1863 362 1938 ignoraret
372 1863 503 1921 maritus:
519 1863 586 1939 quin
597 1863 692 1939 immo,
708 1863 839 1941 quotiens
851 1860 1012 1925 cubiculum
1022 1863 1083 1922 eius
1093 1864 1223 1939 intraret,

218 1945 317 2003 vivere
332 1944 418 2005 illium
432 1953 517 2022 atque
529 1947 613 2005 etiarn
624 1946 845 2006 commodiorem
857 1963 924 2006 esse
935 1944 1093 2023 simulabat,
1109 1963 1144 2006 ae
1157 1965 1223 2025 per·

219 2044 307 2105 saepe
328 2029 512 2105 interroganti
533 2028 599 2106 quid
620 2039 722 2107 ageret
743 2047 816 2109 puer
829 2028 1022 2108 respondebat
1038 2029 1126 2090 ‘bene
1141 2032 1268 2109 quie-to

192 2113 269 2187 snit,
284 2109 407 2172 libenter
422 2112 516 2172 eibum
531 2114 672 2191 sumpsit?
694 2113 822 2190 Deinde,
839 2129 903 2174 oum
919 2112 964 2173 diu
980 2113 1123 2176 cohibitae
1138 2112 1222 2174 lacri-

89 2249 93 2254 .
218 2210 280 2253 mae
294 2195 444 2255 vincerent
456 2207 749 2276 prorumperentque,
767 2195 983 2274 egrediebatur:
997 2205 1064 2258 tuno
1079 2215 1114 2258 se
1129 2196 1223 2260 dolori
1312 2247 1313 2260 ,

218 2276 316 2338 dabat:
339 2281 438 2339 satiata
453 2281 540 2340 siccis
556 2280 648 2341 oeulis
666 2283 826 2359 composito
841 2280 920 2341 uultu
933 2280 1060 2359 redibat,
1080 2291 1223 2360 mmquam

190 2362 366 2429 sorbitatem
386 2363 456 2423 foris
471 2361 644 2441 reliquisset.
674 2363 852 2424 Praeclarum
866 2363 980 2442 quidem
993 2364 1064 2424 illud
1079 2365 1220 2444 eiusdem,

216 2445 323 2505 ferrum
337 2449 489 2524 stringere,
505 2446 660 2526 perfodere
676 2456 788 2526 peetus,
806 2448 957 2507 extrahere
972 2449 1135 2525 pugionem,
1152 2466 1220 2528 por·
1230 2455 1266 2510 25

215 2531 311 2607 rigere
333 2533 449 2608 marito,
472 2530 577 2592 addere
597 2548 701 2593 vocem
721 2530 906 2590 immortalem
930 2549 964 2591 ae
984 2549 1076 2610 paene
1098 2531 1222 2592 divinant

215 2611 322 2691 ‘Paete
340 2632 397 2675 non
414 2614 516 2676 dolet!
535 2614 595 2675 Sed
608 2625 702 2675 tamen
716 2616 770 2676 ista
784 2615 917 2693 facienti,
940 2617 994 2676 isla
1007 2615 1114 2678 deeuti
1127 2615 1222 2694 gloria

215 2705 244 2755 et
262 2701 414 2760 aeterniter
435 2708 500 2760 ante
522 2697 624 2760 oeulos
646 2709 740 2766 erant;
762 2715 820 2778 quo
841 2701 930 2762 maius
954 2708 998 2762 est
1013 2701 1076 2762 siue
1091 2702 1220 2779 praem

213 2781 399 2857 aeternitatis,
416 2783 478 2840 siue
492 2783 619 2858 praemio
633 2781 745 2859 gloriae
759 2781 867 2844 abdere
881 2782 1028 2862 lacrimas,
1045 2784 1161 2861 operire
1176 2783 1220 2842 lu·

187 2867 300 2939 letum,
316 2865 478 2942 amissoque
492 2863 552 2926 tlte
565 2873 683 2924 matrem
698 2865 789 2926 adbuc
804 2884 902 2943 agere.
925 2866 1127 2928 Scribonianus
1141 2879 1264 2934 armato

212 2948 241 3005 in
255 2943 377 3021 Illyrico
388 2956 485 3007 cenna
501 2944 648 3007 Gladium
662 2958 806 3010 moverat:
821 2951 914 3012 iuerat
929 2949 1032 3013 Pactus
1045 2953 1074 3012 in
1089 2952 1219 3029 partibus

185 3037 242 3091 tet
258 3031 356 3090 occiso
372 3031 557 3091 Scriboniano
571 3031 690 3092 Romam
705 3034 875 3096 trahebatur.
900 3033 970 3096 Erat
983 3052 1153 3098 ascensurus
1168 3053 1218 3096 na-

210 3131 289 3173 vem:
304 3113 388 3176 Arria
401 3114 504 3174 milites
520 3117 618 3178 orabat
631 3127 662 3176 ut
676 3117 758 3178 simul
772 3119 964 3196 inponeretur.
989 3116 1111 3199 ‘Nempe
1126 3121 1216 3180 enim’

210 3197 306 3276 inquid
326 3197 429 3259 ‘daturi
451 3200 520 3260 estis
543 3201 685 3261 consulari
699 3204 762 3262 uiro
776 3201 909 3264 servolos
924 3201 1046 3281 aliquos,
1063 3219 1217 3282 quorume

209 3298 290 3341 manu
305 3283 401 3342 cibum
417 3285 521 3362 capiat,
538 3301 554 3344 a
570 3285 672 3362 quibus
681 3288 828 3363 vestiatur,
843 3286 973 3365 aquibus
987 3286 1138 3348 calcietur:
1154 3296 1261 3350 omit

182 3366 254 3425 tinia
270 3365 332 3424 sola
345 3368 521 3444 praestabo!
543 3366 608 3428 Non
619 3370 792 3446 impetravit:
809 3369 943 3432 conduxit
954 3371 1135 3448 piscatoriam
1146 3387 1215 3432 nau·

209 3447 301 3508 culam
321 3451 480 3531 ingensque
500 3453 644 3529 navigium
668 3454 781 3514 minimo
801 3461 901 3514 seeum
923 3461 977 3516 ott.
1010 3451 1118 3516 Eadem
1138 3454 1215 3533 apud

208 3530 356 3590 Claudium
382 3536 463 3593 uxori
490 3535 685 3614 Scriboniani,
711 3553 775 3596 oum
795 3536 843 3598 illa
865 3537 1048 3616 profiteretur
1066 3537 1213 3616 indicium,
