<?xml version="1.0" encoding="UTF-8"?>
<!DOCTYPE html PUBLIC "-//W3C//DTD XHTML 1.0 Transitional//EN"
    "http://www.w3.org/TR/xhtml1/DTD/xhtml1-transitional.dtd">
<html xmlns="http://www.w3.org/1999/xhtml" xml:lang="en" lang="en">
 <head>
  <title>
</title>
<meta http-equiv="Content-Type" content="text/html;charset=utf-8" />
  <meta name='ocr-system' content='tesseract 3.04.00' />
  <meta name='ocr-capabilities' content='ocr_page ocr_carea ocr_par ocr_line ocrx_word'/>
</head>
<body>
  <div class='ocr_page' id='page_1' title='image "./epistularumlibr00plingoog_0120.png"; bbox 0 0 2632 4096; ppageno 0'>
   <div class='ocr_carea' id='block_1_1' title="bbox 414 293 1099 358">
    <p class='ocr_par' dir='ltr' id='par_1_1' title="bbox 414 293 1099 358">
     <span class='ocr_line' id='line_1_1' title="bbox 414 293 1099 358; baseline 0.001 -2"><span class='ocrx_word' id='word_1_1' title='bbox 414 293 677 356; x_wconf 78' lang='lat' dir='ltr'><strong>EPISTULARUM</strong></span> <span class='ocrx_word' id='word_1_2' title='bbox 687 295 723 354; x_wconf 89' lang='lat' dir='ltr'><strong>V.</strong></span> <span class='ocrx_word' id='word_1_3' title='bbox 744 305 771 358; x_wconf 89' lang='lat'><strong>6.</strong></span> <span class='ocrx_word' id='word_1_4' title='bbox 1058 295 1099 357; x_wconf 78' lang='grc'><strong>93</strong></span> 
     </span>
    </p>
   </div>
   <div class='ocr_carea' id='block_1_2' title="bbox 63 445 1178 3620">
    <p class='ocr_par' dir='ltr' id='par_1_2' title="bbox 63 445 1178 3620">
     <span class='ocr_line' id='line_1_2' title="bbox 102 445 1100 526; baseline 0.003 -20"><span class='ocrx_word' id='word_1_5' title='bbox 102 449 294 526; x_wconf 89' lang='lat' dir='ltr'><strong>(nequeenim</strong></span> <span class='ocrx_word' id='word_1_6' title='bbox 308 445 392 506; x_wconf 90' lang='lat' dir='ltr'><strong>facile</strong></span> <span class='ocrx_word' id='word_1_7' title='bbox 407 464 524 526; x_wconf 79' lang='lat' dir='ltr'><strong>usquam</strong></span> <span class='ocrx_word' id='word_1_8' title='bbox 540 465 654 522; x_wconf 85' lang='lat' dir='ltr'><strong>saxum,</strong></span> <span class='ocrx_word' id='word_1_9' title='bbox 676 448 760 506; x_wconf 91' lang='lat' dir='ltr'><strong>etiam</strong></span> <span class='ocrx_word' id='word_1_10' title='bbox 776 449 801 506; x_wconf 88' lang='lat' dir='ltr'><strong>si</strong></span> <span class='ocrx_word' id='word_1_11' title='bbox 817 457 982 526; x_wconf 77' lang='lat' dir='ltr'>quaeratur,</span> <span class='ocrx_word' id='word_1_12' title='bbox 999 465 1100 509; x_wconf 92' lang='lat' dir='ltr'><strong>occur·</strong></span> 
     </span>
     <span class='ocr_line' id='line_1_3' title="bbox 100 529 1100 610; baseline 0.005 -20"><span class='ocrx_word' id='word_1_13' title='bbox 100 532 147 609; x_wconf 90' lang='lat' dir='ltr'><strong>rit)</strong></span> <span class='ocrx_word' id='word_1_14' title='bbox 162 529 332 610; x_wconf 82' lang='lat' dir='ltr'><strong>planissimis</strong></span> <span class='ocrx_word' id='word_1_15' title='bbox 349 532 455 609; x_wconf 87' lang='lat' dir='ltr'><strong>campis</strong></span> <span class='ocrx_word' id='word_1_16' title='bbox 475 529 621 591; x_wconf 81' lang='lat' dir='ltr'><strong>fertilitate</strong></span> <span class='ocrx_word' id='word_1_17' title='bbox 640 547 697 591; x_wconf 93' lang='lat' dir='ltr'><strong>non</strong></span> <span class='ocrx_word' id='word_1_18' title='bbox 713 529 818 591; x_wconf 91' lang='lat' dir='ltr'><strong>cedunt</strong></span> <span class='ocrx_word' id='word_1_19' title='bbox 831 533 1011 609; x_wconf 83' lang='lat' dir='ltr'><strong>opimamque</strong></span> <span class='ocrx_word' id='word_1_20' title='bbox 1025 551 1100 595; x_wconf 91' lang='lat' dir='ltr'><strong>mes·</strong></span> 
     </span>
     <span class='ocr_line' id='line_1_4' title="bbox 101 613 1125 694; baseline 0.004 -19"><span class='ocrx_word' id='word_1_21' title='bbox 101 633 160 675; x_wconf 89' lang='lat' dir='ltr'><strong>sem</strong></span> <span class='ocrx_word' id='word_1_22' title='bbox 175 616 268 676; x_wconf 88' lang='lat' dir='ltr'><strong>serius</strong></span> <span class='ocrx_word' id='word_1_23' title='bbox 284 623 389 674; x_wconf 90' lang='lat' dir='ltr'><strong>tantum</strong></span> <span class='ocrx_word' id='word_1_24' title='bbox 404 613 458 675; x_wconf 89' lang='lat' dir='ltr'><strong>sed</strong></span> <span class='ocrx_word' id='word_1_25' title='bbox 474 631 530 672; x_wconf 92' lang='lat' dir='ltr'><strong>non</strong></span> <span class='ocrx_word' id='word_1_26' title='bbox 546 617 636 674; x_wconf 91' lang='lat' dir='ltr'><strong>minus</strong></span> <span class='ocrx_word' id='word_1_27' title='bbox 651 623 840 692; x_wconf 77' lang='lat' dir='ltr'><strong>percoquam.</strong></span> <span class='ocrx_word' id='word_1_28' title='bbox 863 614 922 674; x_wconf 87' lang='lat' dir='ltr'><strong>Sub</strong></span> <span class='ocrx_word' id='word_1_29' title='bbox 936 614 980 675; x_wconf 92' lang='lat' dir='ltr'><strong>bis</strong></span> <span class='ocrx_word' id='word_1_30' title='bbox 995 633 1048 694; x_wconf 90' lang='lat' dir='ltr'><strong>per</strong></span> <span class='ocrx_word' id='word_1_31' title='bbox 1061 615 1125 681; x_wconf 84' lang='lat' dir='ltr'><strong>le·9</strong></span> 
     </span>
     <span class='ocr_line' id='line_1_5' title="bbox 99 696 1099 778; baseline 0 -19"><span class='ocrx_word' id='word_1_32' title='bbox 99 708 143 759; x_wconf 90' lang='lat' dir='ltr'><strong>tus</strong></span> <span class='ocrx_word' id='word_1_33' title='bbox 164 715 247 759; x_wconf 90' lang='lat' dir='ltr'><strong>omne</strong></span> <span class='ocrx_word' id='word_1_34' title='bbox 267 700 368 758; x_wconf 86' lang='lat' dir='ltr'><strong>vineae</strong></span> <span class='ocrx_word' id='word_1_35' title='bbox 388 699 571 776; x_wconf 88' lang='lat' dir='ltr'><strong>porriguntur</strong></span> <span class='ocrx_word' id='word_1_36' title='bbox 589 715 727 776; x_wconf 90' lang='lat' dir='ltr'><strong>unamque</strong></span> <span class='ocrx_word' id='word_1_37' title='bbox 749 696 852 757; x_wconf 88' lang='lat' dir='ltr'><strong>faciem</strong></span> <span class='ocrx_word' id='word_1_38' title='bbox 877 697 964 776; x_wconf 92' lang='lat' dir='ltr'><strong>longe</strong></span> <span class='ocrx_word' id='word_1_39' title='bbox 984 698 1099 778; x_wconf 86' lang='lat' dir='ltr'><strong>lateque</strong></span> 
     </span>
     <span class='ocr_line' id='line_1_6' title="bbox 77 782 1100 861; baseline -0.002 -17"><span class='ocrx_word' id='word_1_40' title='bbox 77 790 269 850; x_wconf 75' lang='lat' dir='ltr'><strong>tcontexunt;</strong></span> <span class='ocrx_word' id='word_1_41' title='bbox 290 799 407 861; x_wconf 87' lang='lat' dir='ltr'><strong>quarum</strong></span> <span class='ocrx_word' id='word_1_42' title='bbox 428 799 444 840; x_wconf 92' lang='lat' dir='ltr'><strong>a</strong></span> <span class='ocrx_word' id='word_1_43' title='bbox 466 782 521 840; x_wconf 87' lang='lat' dir='ltr'><strong>fine</strong></span> <span class='ocrx_word' id='word_1_44' title='bbox 537 783 652 859; x_wconf 91' lang='lat' dir='ltr'><strong>imoque</strong></span> <span class='ocrx_word' id='word_1_45' title='bbox 672 783 752 859; x_wconf 85' lang='lat' dir='ltr'><strong>quasi</strong></span> <span class='ocrx_word' id='word_1_46' title='bbox 771 783 898 858; x_wconf 78' lang='lat' dir='ltr'><strong>margine</strong></span> <span class='ocrx_word' id='word_1_47' title='bbox 918 782 1033 845; x_wconf 79' lang='lat' dir='ltr'><strong>arbusta</strong></span> <span class='ocrx_word' id='word_1_48' title='bbox 1053 801 1100 843; x_wconf 94' lang='lat' dir='ltr'><strong>na·</strong></span> 
     </span>
     <span class='ocr_line' id='line_1_7' title="bbox 99 864 1142 943; baseline 0.006 -18"><span class='ocrx_word' id='word_1_49' title='bbox 99 875 224 926; x_wconf 86' lang='lat' dir='ltr'><strong>scuntur.</strong></span> <span class='ocrx_word' id='word_1_50' title='bbox 256 865 336 924; x_wconf 87' lang='lat' dir='ltr'><strong>Prata</strong></span> <span class='ocrx_word' id='word_1_51' title='bbox 349 864 415 924; x_wconf 91' lang='lat' dir='ltr'><strong>inde</strong></span> <span class='ocrx_word' id='word_1_52' title='bbox 429 865 592 943; x_wconf 75' lang='lat' dir='ltr'><strong>campique:</strong></span> <span class='ocrx_word' id='word_1_53' title='bbox 614 867 721 943; x_wconf 87' lang='lat' dir='ltr'><strong>campi,</strong></span> <span class='ocrx_word' id='word_1_54' title='bbox 738 882 811 943; x_wconf 91' lang='lat' dir='ltr'><strong>quos</strong></span> <span class='ocrx_word' id='word_1_55' title='bbox 827 882 883 924; x_wconf 93' lang='lat' dir='ltr'><strong>non</strong></span> <span class='ocrx_word' id='word_1_56' title='bbox 896 868 950 926; x_wconf 86' lang='lat' dir='ltr'><strong>nisi</strong></span> <span class='ocrx_word' id='word_1_57' title='bbox 965 869 1098 943; x_wconf 87' lang='lat' dir='ltr'><strong>ingentes</strong></span> <span class='ocrx_word' id='word_1_58' title='bbox 1108 880 1142 931; x_wconf 83' lang='grc'><strong>11</strong></span> 
     </span>
     <span class='ocr_line' id='line_1_8' title="bbox 98 947 1100 1027; baseline 0.003 -19"><span class='ocrx_word' id='word_1_59' title='bbox 98 949 188 1009; x_wconf 84' lang='lat' dir='ltr'><strong>boves</strong></span> <span class='ocrx_word' id='word_1_60' title='bbox 204 958 234 1008; x_wconf 94' lang='lat' dir='ltr'><strong>et</strong></span> <span class='ocrx_word' id='word_1_61' title='bbox 251 948 404 1011; x_wconf 88' lang='lat' dir='ltr'><strong>fortissima</strong></span> <span class='ocrx_word' id='word_1_62' title='bbox 418 957 508 1008; x_wconf 89' lang='lat' dir='ltr'><strong>aratra</strong></span> <span class='ocrx_word' id='word_1_63' title='bbox 521 948 707 1027; x_wconf 79' lang='lat' dir='ltr'><strong>perfringunt.</strong></span> <span class='ocrx_word' id='word_1_64' title='bbox 741 947 837 1010; x_wconf 89' lang='lat' dir='ltr'><strong>&#39;lautis</strong></span> <span class='ocrx_word' id='word_1_65' title='bbox 854 948 965 1026; x_wconf 77' lang='lat' dir='ltr'><strong>glaebis</strong></span> <span class='ocrx_word' id='word_1_66' title='bbox 977 952 1100 1012; x_wconf 88' lang='lat' dir='ltr'><strong>tenacis-</strong></span> 
     </span>
     <span class='ocr_line' id='line_1_9' title="bbox 99 1032 1098 1110; baseline 0 -16"><span class='ocrx_word' id='word_1_67' title='bbox 99 1035 196 1094; x_wconf 89' lang='lat' dir='ltr'><strong>simum</strong></span> <span class='ocrx_word' id='word_1_68' title='bbox 211 1032 322 1109; x_wconf 89' lang='lat' dir='ltr'><strong>solum,</strong></span> <span class='ocrx_word' id='word_1_69' title='bbox 344 1049 408 1091; x_wconf 89' lang='lat' dir='ltr'><strong>cum</strong></span> <span class='ocrx_word' id='word_1_70' title='bbox 426 1033 546 1109; x_wconf 89' lang='lat' dir='ltr'><strong>primum</strong></span> <span class='ocrx_word' id='word_1_71' title='bbox 561 1041 746 1109; x_wconf 82' lang='lat' dir='ltr'><strong>prosecatur,</strong></span> <span class='ocrx_word' id='word_1_72' title='bbox 768 1032 895 1110; x_wconf 80' lang='lat' dir='ltr'><strong>adsurgit</strong></span> <span class='ocrx_word' id='word_1_73' title='bbox 914 1043 944 1094; x_wconf 92' lang='lat' dir='ltr'><strong>ut</strong></span> <span class='ocrx_word' id='word_1_74' title='bbox 959 1051 1034 1094; x_wconf 92' lang='lat' dir='ltr'><strong>nono</strong></span> <span class='ocrx_word' id='word_1_75' title='bbox 1050 1033 1098 1094; x_wconf 90' lang='lat' dir='ltr'><strong>de·</strong></span> 
     </span>
     <span class='ocr_line' id='line_1_10' title="bbox 97 1114 1141 1195; baseline 0.009 -22"><span class='ocrx_word' id='word_1_76' title='bbox 97 1133 170 1174; x_wconf 90' lang='lat' dir='ltr'><strong>mum</strong></span> <span class='ocrx_word' id='word_1_77' title='bbox 181 1115 266 1176; x_wconf 92' lang='lat' dir='ltr'><strong>sulco</strong></span> <span class='ocrx_word' id='word_1_78' title='bbox 276 1114 469 1195; x_wconf 85' lang='lat' dir='ltr'><strong>perdometur.</strong></span> <span class='ocrx_word' id='word_1_79' title='bbox 487 1114 567 1174; x_wconf 82' lang='lat' dir='ltr'><strong>Prata</strong></span> <span class='ocrx_word' id='word_1_80' title='bbox 579 1114 678 1175; x_wconf 88' lang='lat' dir='ltr'><strong>florida</strong></span> <span class='ocrx_word' id='word_1_81' title='bbox 689 1125 718 1176; x_wconf 91' lang='lat' dir='ltr'><strong>et</strong></span> <span class='ocrx_word' id='word_1_82' title='bbox 728 1133 859 1192; x_wconf 83' lang='lat' dir='ltr'><strong>gemmea</strong></span> <span class='ocrx_word' id='word_1_83' title='bbox 870 1115 1005 1177; x_wconf 89' lang='lat' dir='ltr'><strong>trifolium</strong></span> <span class='ocrx_word' id='word_1_84' title='bbox 1016 1117 1098 1178; x_wconf 90' lang='lat' dir='ltr'><strong>alias·</strong></span> <span class='ocrx_word' id='word_1_85' title='bbox 1109 1129 1141 1182; x_wconf 92' lang='lat' dir='ltr'><strong>ll</strong></span> 
     </span>
     <span class='ocr_line' id='line_1_11' title="bbox 63 1197 1097 1277; baseline 0.005 -22"><span class='ocrx_word' id='word_1_86' title='bbox 63 1204 152 1277; x_wconf 86' lang='lat' dir='ltr'><strong>loque</strong></span> <span class='ocrx_word' id='word_1_87' title='bbox 170 1197 275 1261; x_wconf 89' lang='lat' dir='ltr'><strong>herbas</strong></span> <span class='ocrx_word' id='word_1_88' title='bbox 296 1208 410 1259; x_wconf 88' lang='lat' dir='ltr'><strong>teneras</strong></span> <span class='ocrx_word' id='word_1_89' title='bbox 431 1214 548 1277; x_wconf 88' lang='lat' dir='ltr'><strong>semper</strong></span> <span class='ocrx_word' id='word_1_90' title='bbox 567 1209 597 1259; x_wconf 91' lang='lat' dir='ltr'><strong>et</strong></span> <span class='ocrx_word' id='word_1_91' title='bbox 616 1197 719 1259; x_wconf 89' lang='lat' dir='ltr'><strong>molles</strong></span> <span class='ocrx_word' id='word_1_92' title='bbox 740 1208 770 1258; x_wconf 87' lang='lat' dir='ltr'><strong>et</strong></span> <span class='ocrx_word' id='word_1_93' title='bbox 794 1201 874 1277; x_wconf 91' lang='lat' dir='ltr'><strong>qnasi</strong></span> <span class='ocrx_word' id='word_1_94' title='bbox 897 1217 986 1262; x_wconf 85' lang='lat' dir='ltr'><strong>novas</strong></span> <span class='ocrx_word' id='word_1_95' title='bbox 1012 1200 1097 1262; x_wconf 90' lang='lat' dir='ltr'><strong>alunt.</strong></span> 
     </span>
     <span class='ocr_line' id='line_1_12' title="bbox 99 1279 1099 1362; baseline 0.003 -22"><span class='ocrx_word' id='word_1_96' title='bbox 99 1279 205 1343; x_wconf 77' lang='lat' dir='ltr'><strong>(iuncta</strong></span> <span class='ocrx_word' id='word_1_97' title='bbox 220 1284 295 1343; x_wconf 90' lang='lat' dir='ltr'><strong>enim</strong></span> <span class='ocrx_word' id='word_1_98' title='bbox 310 1282 484 1361; x_wconf 86' lang='lat' dir='ltr'><strong>perennibus</strong></span> <span class='ocrx_word' id='word_1_99' title='bbox 500 1284 568 1342; x_wconf 86' lang='lat' dir='ltr'><strong>rivis</strong></span> <span class='ocrx_word' id='word_1_100' title='bbox 582 1284 754 1342; x_wconf 87' lang='lat' dir='ltr'><strong>nutriuntur:</strong></span> <span class='ocrx_word' id='word_1_101' title='bbox 776 1283 829 1342; x_wconf 86' lang='lat' dir='ltr'><strong>sed</strong></span> <span class='ocrx_word' id='word_1_102' title='bbox 844 1283 891 1342; x_wconf 94' lang='lat' dir='ltr'><strong>ubi</strong></span> <span class='ocrx_word' id='word_1_103' title='bbox 907 1301 997 1360; x_wconf 88' lang='lat' dir='ltr'><strong>aquae</strong></span> <span class='ocrx_word' id='word_1_104' title='bbox 1012 1283 1099 1362; x_wconf 90' lang='lat' dir='ltr'><strong>pluri·</strong></span> 
     </span>
     <span class='ocr_line' id='line_1_13' title="bbox 98 1364 1099 1447; baseline 0.003 -23"><span class='ocrx_word' id='word_1_105' title='bbox 98 1383 179 1444; x_wconf 88' lang='lat' dir='ltr'><strong>mum,</strong></span> <span class='ocrx_word' id='word_1_106' title='bbox 195 1365 280 1446; x_wconf 93' lang='lat' dir='ltr'><strong>palus</strong></span> <span class='ocrx_word' id='word_1_107' title='bbox 290 1364 378 1443; x_wconf 83' lang='lat' dir='ltr'><strong>nulla,</strong></span> <span class='ocrx_word' id='word_1_108' title='bbox 393 1367 457 1444; x_wconf 90' lang='lat' dir='ltr'><strong>qnia</strong></span> <span class='ocrx_word' id='word_1_109' title='bbox 472 1365 581 1426; x_wconf 86' lang='lat' dir='ltr'><strong>devexa</strong></span> <span class='ocrx_word' id='word_1_110' title='bbox 594 1374 686 1442; x_wconf 86' lang='lat' dir='ltr'><strong>terra,</strong></span> <span class='ocrx_word' id='word_1_111' title='bbox 704 1365 838 1444; x_wconf 91' lang='lat' dir='ltr'><strong>quidquid</strong></span> <span class='ocrx_word' id='word_1_112' title='bbox 853 1365 971 1445; x_wconf 92' lang='lat' dir='ltr'><strong>liquoris</strong></span> <span class='ocrx_word' id='word_1_113' title='bbox 985 1371 1099 1447; x_wconf 90' lang='lat' dir='ltr'><strong>accepit</strong></span> 
     </span>
     <span class='ocr_line' id='line_1_14' title="bbox 99 1447 1141 1529; baseline 0.009 -23"><span class='ocrx_word' id='word_1_114' title='bbox 99 1467 150 1508; x_wconf 91' lang='lat' dir='ltr'><strong>nec</strong></span> <span class='ocrx_word' id='word_1_115' title='bbox 171 1450 338 1527; x_wconf 86' lang='lat' dir='ltr'><strong>absorbuit,</strong></span> <span class='ocrx_word' id='word_1_116' title='bbox 357 1449 475 1510; x_wconf 83' lang='lat' dir='ltr'><strong>effundit</strong></span> <span class='ocrx_word' id='word_1_117' title='bbox 492 1450 520 1508; x_wconf 90' lang='lat' dir='ltr'><strong>in</strong></span> <span class='ocrx_word' id='word_1_118' title='bbox 543 1449 674 1509; x_wconf 86' lang='lat' dir='ltr'><strong>Tiberim.</strong></span> <span class='ocrx_word' id='word_1_119' title='bbox 707 1447 819 1512; x_wconf 87' lang='lat' dir='ltr'><strong>lledius</strong></span> <span class='ocrx_word' id='word_1_120' title='bbox 835 1449 885 1510; x_wconf 89' lang='lat' dir='ltr'><strong>ille</strong></span> <span class='ocrx_word' id='word_1_121' title='bbox 902 1467 988 1528; x_wconf 89' lang='lat' dir='ltr'><strong>agros</strong></span> <span class='ocrx_word' id='word_1_122' title='bbox 1007 1461 1098 1529; x_wconf 84' lang='lat' dir='ltr'><strong>secat,</strong></span> <span class='ocrx_word' id='word_1_123' title='bbox 1110 1463 1141 1515; x_wconf 77' lang='lat'><strong>12</strong></span> 
     </span>
     <span class='ocr_line' id='line_1_15' title="bbox 99 1531 1098 1614; baseline 0.003 -23"><span class='ocrx_word' id='word_1_124' title='bbox 99 1535 205 1592; x_wconf 86' lang='lat' dir='ltr'><strong>navium</strong></span> <span class='ocrx_word' id='word_1_125' title='bbox 216 1535 340 1614; x_wconf 86' lang='lat' dir='ltr'><strong>patiens,</strong></span> <span class='ocrx_word' id='word_1_126' title='bbox 353 1534 500 1611; x_wconf 90' lang='lat' dir='ltr'><strong>omnisque</strong></span> <span class='ocrx_word' id='word_1_127' title='bbox 512 1533 610 1610; x_wconf 88' lang='lat' dir='ltr'><strong>fruges</strong></span> <span class='ocrx_word' id='word_1_128' title='bbox 622 1531 737 1592; x_wconf 88' lang='lat' dir='ltr'><strong>devebit</strong></span> <span class='ocrx_word' id='word_1_129' title='bbox 747 1535 776 1592; x_wconf 93' lang='lat' dir='ltr'><strong>in</strong></span> <span class='ocrx_word' id='word_1_130' title='bbox 788 1533 898 1612; x_wconf 86' lang='lat' dir='ltr'><strong>urbem,</strong></span> <span class='ocrx_word' id='word_1_131' title='bbox 916 1533 1009 1594; x_wconf 86' lang='lat' dir='ltr'><strong>bieme</strong></span> <span class='ocrx_word' id='word_1_132' title='bbox 1022 1534 1098 1594; x_wconf 91' lang='lat' dir='ltr'><strong>durn-</strong></span> 
     </span>
     <span class='ocr_line' id='line_1_16' title="bbox 65 1618 1099 1696; baseline 0.003 -20"><span class='ocrx_word' id='word_1_133' title='bbox 65 1623 169 1678; x_wconf 81' lang='grc'><strong>1111111</strong></span> <span class='ocrx_word' id='word_1_134' title='bbox 184 1627 214 1678; x_wconf 90' lang='lat' dir='ltr'><strong>et</strong></span> <span class='ocrx_word' id='word_1_135' title='bbox 228 1635 316 1685; x_wconf 82' lang='lat' dir='ltr'><strong>vere:</strong></span> <span class='ocrx_word' id='word_1_136' title='bbox 331 1626 439 1678; x_wconf 88' lang='lat' dir='ltr'><strong>aestate</strong></span> <span class='ocrx_word' id='word_1_137' title='bbox 459 1618 646 1694; x_wconf 87' lang='lat' dir='ltr'><strong>summittitur,</strong></span> <span class='ocrx_word' id='word_1_138' title='bbox 662 1618 848 1696; x_wconf 86' lang='lat' dir='ltr'><strong>immensique</strong></span> <span class='ocrx_word' id='word_1_139' title='bbox 862 1618 981 1679; x_wconf 88' lang='lat' dir='ltr'><strong>fluminis</strong></span> <span class='ocrx_word' id='word_1_140' title='bbox 996 1636 1099 1679; x_wconf 88' lang='lat' dir='ltr'><strong>nornen</strong></span> 
     </span>
     <span class='ocr_line' id='line_1_17' title="bbox 99 1699 1142 1779; baseline 0.009 -22"><span class='ocrx_word' id='word_1_141' title='bbox 99 1703 183 1760; x_wconf 89' lang='lat' dir='ltr'><strong>arenti</strong></span> <span class='ocrx_word' id='word_1_142' title='bbox 199 1701 285 1761; x_wconf 81' lang='lat' dir='ltr'><strong>alveo</strong></span> <span class='ocrx_word' id='word_1_143' title='bbox 305 1699 428 1777; x_wconf 86' lang='lat' dir='ltr'><strong>deserit,</strong></span> <span class='ocrx_word' id='word_1_144' title='bbox 451 1710 584 1761; x_wconf 92' lang='lat' dir='ltr'><strong>autumno</strong></span> <span class='ocrx_word' id='word_1_145' title='bbox 603 1703 729 1761; x_wconf 88' lang='lat' dir='ltr'><strong>resumit.</strong></span> <span class='ocrx_word' id='word_1_146' title='bbox 762 1700 890 1778; x_wconf 84' lang='lat' dir='ltr'><strong>lingnam</strong></span> <span class='ocrx_word' id='word_1_147' title='bbox 907 1704 1003 1779; x_wconf 86' lang='lat' dir='ltr'><strong>capies</strong></span> <span class='ocrx_word' id='word_1_148' title='bbox 1017 1701 1142 1766; x_wconf 80' lang='lat' dir='ltr'><strong>volu-13</strong></span> 
     </span>
     <span class='ocr_line' id='line_1_18' title="bbox 99 1783 1098 1863; baseline 0.004 -21"><span class='ocrx_word' id='word_1_149' title='bbox 99 1792 217 1862; x_wconf 83' lang='lat' dir='ltr'><strong>ptatem,</strong></span> <span class='ocrx_word' id='word_1_150' title='bbox 241 1787 266 1846; x_wconf 87' lang='lat' dir='ltr'><strong>si</strong></span> <span class='ocrx_word' id='word_1_151' title='bbox 283 1784 358 1844; x_wconf 90' lang='lat' dir='ltr'><strong>hunc</strong></span> <span class='ocrx_word' id='word_1_152' title='bbox 373 1786 501 1861; x_wconf 82' lang='lat' dir='ltr'><strong>regionis</strong></span> <span class='ocrx_word' id='word_1_153' title='bbox 516 1787 601 1844; x_wconf 91' lang='lat' dir='ltr'><strong>situm</strong></span> <span class='ocrx_word' id='word_1_154' title='bbox 615 1802 653 1844; x_wconf 87' lang='lat' dir='ltr'><strong>ex</strong></span> <span class='ocrx_word' id='word_1_155' title='bbox 665 1794 760 1845; x_wconf 91' lang='lat' dir='ltr'><strong>moute</strong></span> <span class='ocrx_word' id='word_1_156' title='bbox 777 1787 974 1863; x_wconf 85' lang='lat' dir='ltr'><strong>prospexeris.</strong></span> <span class='ocrx_word' id='word_1_157' title='bbox 995 1783 1098 1863; x_wconf 89' lang='lat' dir='ltr'><strong>Neque</strong></span> 
     </span>
     <span class='ocr_line' id='line_1_19' title="bbox 100 1861 1098 1946; baseline 0.002 -20"><span class='ocrx_word' id='word_1_158' title='bbox 100 1869 169 1926; x_wconf 87' lang='lat' dir='ltr'><strong>enim</strong></span> <span class='ocrx_word' id='word_1_159' title='bbox 187 1877 280 1930; x_wconf 88' lang='lat' dir='ltr'><strong>terras</strong></span> <span class='ocrx_word' id='word_1_160' title='bbox 301 1869 352 1928; x_wconf 91' lang='lat' dir='ltr'><strong>tibi</strong></span> <span class='ocrx_word' id='word_1_161' title='bbox 368 1867 421 1930; x_wconf 87' lang='lat' dir='ltr'><strong>scd</strong></span> <span class='ocrx_word' id='word_1_162' title='bbox 437 1867 553 1928; x_wconf 90' lang='lat' dir='ltr'><strong>formam</strong></span> <span class='ocrx_word' id='word_1_163' title='bbox 575 1868 696 1946; x_wconf 88' lang='lat' dir='ltr'><strong>aliquam</strong></span> <span class='ocrx_word' id='word_1_164' title='bbox 715 1861 751 1928; x_wconf 91' lang='lat' dir='ltr'><strong>ad</strong></span> <span class='ocrx_word' id='word_1_165' title='bbox 770 1869 900 1928; x_wconf 81' lang='lat' dir='ltr'><strong>eximiam</strong></span> <span class='ocrx_word' id='word_1_166' title='bbox 913 1867 1098 1946; x_wconf 91' lang='lat' dir='ltr'><strong>pulchritudi-</strong></span> 
     </span>
     <span class='ocr_line' id='line_1_20' title="bbox 99 1951 1097 2031; baseline 0.005 -23"><span class='ocrx_word' id='word_1_167' title='bbox 99 1969 160 2010; x_wconf 85' lang='lat' dir='ltr'><strong>nem</strong></span> <span class='ocrx_word' id='word_1_168' title='bbox 174 1955 281 2030; x_wconf 89' lang='lat' dir='ltr'><strong>pictam</strong></span> <span class='ocrx_word' id='word_1_169' title='bbox 296 1951 440 2012; x_wconf 83' lang='lat' dir='ltr'><strong>videberis</strong></span> <span class='ocrx_word' id='word_1_170' title='bbox 459 1970 593 2012; x_wconf 87' lang='lat' dir='ltr'><strong>cernere:</strong></span> <span class='ocrx_word' id='word_1_171' title='bbox 614 1969 647 2010; x_wconf 92' lang='lat' dir='ltr'><strong>ea</strong></span> <span class='ocrx_word' id='word_1_172' title='bbox 669 1953 822 2028; x_wconf 86' lang='lat' dir='ltr'><strong>varietate,</strong></span> <span class='ocrx_word' id='word_1_173' title='bbox 844 1969 878 2010; x_wconf 89' lang='lat' dir='ltr'><strong>ca</strong></span> <span class='ocrx_word' id='word_1_174' title='bbox 893 1951 1097 2031; x_wconf 84' lang='lat' dir='ltr'><strong>descriptione,</strong></span> 
     </span>
     <span class='ocr_line' id='line_1_21' title="bbox 64 2033 1141 2115; baseline 0.006 -21"><span class='ocrx_word' id='word_1_175' title='bbox 64 2033 277 2115; x_wconf 69' lang='lat' dir='ltr'><strong>idquocumque</strong></span> <span class='ocrx_word' id='word_1_176' title='bbox 293 2035 442 2096; x_wconf 92' lang='lat' dir='ltr'><strong>inciderint</strong></span> <span class='ocrx_word' id='word_1_177' title='bbox 456 2036 543 2112; x_wconf 82' lang='lat' dir='ltr'><strong>oculi,</strong></span> <span class='ocrx_word' id='word_1_178' title='bbox 559 2036 731 2095; x_wconf 88' lang='lat' dir='ltr'><strong>reficientur.</strong></span> <span class='ocrx_word' id='word_1_179' title='bbox 752 2034 825 2094; x_wconf 86' lang='lat' dir='ltr'><strong>Villa</strong></span> <span class='ocrx_word' id='word_1_180' title='bbox 839 2037 868 2095; x_wconf 94' lang='lat' dir='ltr'><strong>in</strong></span> <span class='ocrx_word' id='word_1_181' title='bbox 882 2034 958 2096; x_wconf 89' lang='lat' dir='ltr'><strong>colle</strong></span> <span class='ocrx_word' id='word_1_182' title='bbox 974 2037 1030 2096; x_wconf 91' lang='lat' dir='ltr'><strong>imo</strong></span> <span class='ocrx_word' id='word_1_183' title='bbox 1046 2037 1141 2100; x_wconf 83' lang='grc'><strong>111114</strong></span> 
     </span>
     <span class='ocr_line' id='line_1_22' title="bbox 98 2117 1098 2198; baseline 0.004 -22"><span class='ocrx_word' id='word_1_184' title='bbox 98 2121 236 2198; x_wconf 90' lang='lat' dir='ltr'><strong>prospicit</strong></span> <span class='ocrx_word' id='word_1_185' title='bbox 257 2121 336 2196; x_wconf 83' lang='lat' dir='ltr'><strong>quasi</strong></span> <span class='ocrx_word' id='word_1_186' title='bbox 351 2137 389 2178; x_wconf 86' lang='lat' dir='ltr'><strong>ex</strong></span> <span class='ocrx_word' id='word_1_187' title='bbox 403 2136 525 2180; x_wconf 91' lang='lat' dir='ltr'><strong>summo:</strong></span> <span class='ocrx_word' id='word_1_188' title='bbox 551 2120 588 2178; x_wconf 84' lang='lat' dir='ltr'><strong>ita</strong></span> <span class='ocrx_word' id='word_1_189' title='bbox 608 2117 711 2179; x_wconf 91' lang='lat' dir='ltr'><strong>leniter</strong></span> <span class='ocrx_word' id='word_1_190' title='bbox 724 2129 753 2180; x_wconf 91' lang='lat' dir='ltr'><strong>et</strong></span> <span class='ocrx_word' id='word_1_191' title='bbox 769 2121 874 2180; x_wconf 90' lang='lat' dir='ltr'><strong>sensim</strong></span> <span class='ocrx_word' id='word_1_192' title='bbox 891 2119 966 2180; x_wconf 91' lang='lat' dir='ltr'><strong>clivo</strong></span> <span class='ocrx_word' id='word_1_193' title='bbox 981 2119 1098 2180; x_wconf 91' lang='lat' dir='ltr'><strong>fallente</strong></span> 
     </span>
     <span class='ocr_line' id='line_1_23' title="bbox 100 2202 1099 2281; baseline 0 -21"><span class='ocrx_word' id='word_1_194' title='bbox 100 2205 244 2281; x_wconf 89' lang='lat' dir='ltr'><strong>consurgit</strong></span> <span class='ocrx_word' id='word_1_195' title='bbox 257 2211 303 2280; x_wconf 88' lang='lat' dir='ltr'><strong>ut,</strong></span> <span class='ocrx_word' id='word_1_196' title='bbox 326 2221 389 2262; x_wconf 92' lang='lat' dir='ltr'><strong>cum</strong></span> <span class='ocrx_word' id='word_1_197' title='bbox 404 2202 561 2262; x_wconf 86' lang='lat' dir='ltr'><strong>ascendere</strong></span> <span class='ocrx_word' id='word_1_198' title='bbox 573 2211 602 2262; x_wconf 90' lang='lat' dir='ltr'><strong>te</strong></span> <span class='ocrx_word' id='word_1_199' title='bbox 613 2220 670 2262; x_wconf 91' lang='lat' dir='ltr'><strong>non</strong></span> <span class='ocrx_word' id='word_1_200' title='bbox 686 2213 787 2281; x_wconf 83' lang='lat' dir='ltr'><strong>putes,</strong></span> <span class='ocrx_word' id='word_1_201' title='bbox 805 2205 911 2264; x_wconf 89' lang='lat' dir='ltr'><strong>sentias</strong></span> <span class='ocrx_word' id='word_1_202' title='bbox 922 2203 1099 2265; x_wconf 90' lang='lat' dir='ltr'><strong>ascendisse.</strong></span> 
     </span>
     <span class='ocr_line' id='line_1_24' title="bbox 99 2285 1098 2366; baseline 0.001 -23"><span class='ocrx_word' id='word_1_203' title='bbox 99 2285 218 2365; x_wconf 88' lang='lat' dir='ltr'><strong>Atergo</strong></span> <span class='ocrx_word' id='word_1_204' title='bbox 234 2287 449 2366; x_wconf 74' lang='lat' dir='ltr'><strong>Appenninum,</strong></span> <span class='ocrx_word' id='word_1_205' title='bbox 466 2285 654 2363; x_wconf 90' lang='lat' dir='ltr'><strong>sedlcngius</strong></span> <span class='ocrx_word' id='word_1_206' title='bbox 674 2285 776 2346; x_wconf 89' lang='lat' dir='ltr'><strong>habet:</strong></span> <span class='ocrx_word' id='word_1_207' title='bbox 798 2289 904 2365; x_wconf 85' lang='lat' dir='ltr'><strong>accipit</strong></span> <span class='ocrx_word' id='word_1_208' title='bbox 924 2288 959 2346; x_wconf 83' lang='lat' dir='ltr'><strong>ab</strong></span> <span class='ocrx_word' id='word_1_209' title='bbox 981 2287 1037 2346; x_wconf 92' lang='lat' dir='ltr'><strong>boc</strong></span> <span class='ocrx_word' id='word_1_210' title='bbox 1051 2304 1098 2345; x_wconf 88' lang='lat' dir='ltr'><strong>au-</strong></span> 
     </span>
     <span class='ocr_line' id='line_1_25' title="bbox 99 2369 1098 2448; baseline 0 -20"><span class='ocrx_word' id='word_1_211' title='bbox 99 2386 142 2428; x_wconf 92' lang='lat' dir='ltr'><strong>ras</strong></span> <span class='ocrx_word' id='word_1_212' title='bbox 156 2371 311 2448; x_wconf 83' lang='lat' dir='ltr'><strong>quamlibet</strong></span> <span class='ocrx_word' id='word_1_213' title='bbox 324 2386 429 2431; x_wconf 87' lang='lat' dir='ltr'><strong>sereno</strong></span> <span class='ocrx_word' id='word_1_214' title='bbox 445 2379 474 2430; x_wconf 89' lang='lat' dir='ltr'><strong>et</strong></span> <span class='ocrx_word' id='word_1_215' title='bbox 485 2369 598 2448; x_wconf 91' lang='lat' dir='ltr'><strong>placido</strong></span> <span class='ocrx_word' id='word_1_216' title='bbox 611 2371 668 2447; x_wconf 84' lang='lat' dir='ltr'><strong>die,</strong></span> <span class='ocrx_word' id='word_1_217' title='bbox 680 2387 736 2430; x_wconf 92' lang='lat' dir='ltr'><strong>non</strong></span> <span class='ocrx_word' id='word_1_218' title='bbox 749 2379 843 2430; x_wconf 81' lang='lat' dir='ltr'><strong>tamen</strong></span> <span class='ocrx_word' id='word_1_219' title='bbox 857 2388 940 2430; x_wconf 89' lang='lat' dir='ltr'><strong>aeres</strong></span> <span class='ocrx_word' id='word_1_220' title='bbox 957 2380 986 2430; x_wconf 91' lang='lat' dir='ltr'><strong>et</strong></span> <span class='ocrx_word' id='word_1_221' title='bbox 1000 2372 1098 2428; x_wconf 84' lang='grc'><strong>1111111-</strong></span> 
     </span>
     <span class='ocr_line' id='line_1_26' title="bbox 64 2451 1178 2534; baseline 0.006 -27"><span class='ocrx_word' id='word_1_222' title='bbox 64 2451 184 2532; x_wconf 79' lang='grc'><strong>1111111,</strong></span> <span class='ocrx_word' id='word_1_223' title='bbox 201 2455 256 2514; x_wconf 87' lang='lat' dir='ltr'><strong>sed</strong></span> <span class='ocrx_word' id='word_1_224' title='bbox 271 2457 363 2534; x_wconf 90' lang='lat' dir='ltr'><strong>spatio</strong></span> <span class='ocrx_word' id='word_1_225' title='bbox 377 2456 441 2532; x_wconf 93' lang='lat' dir='ltr'><strong>ipso</strong></span> <span class='ocrx_word' id='word_1_226' title='bbox 456 2453 547 2515; x_wconf 89' lang='lat' dir='ltr'><strong>lassas</strong></span> <span class='ocrx_word' id='word_1_227' title='bbox 562 2462 591 2513; x_wconf 90' lang='lat' dir='ltr'><strong>et</strong></span> <span class='ocrx_word' id='word_1_228' title='bbox 602 2453 746 2514; x_wconf 82' lang='lat' dir='ltr'><strong>infractae.</strong></span> <span class='ocrx_word' id='word_1_229' title='bbox 771 2453 873 2530; x_wconf 87' lang='lat' dir='ltr'><strong>llagna</strong></span> <span class='ocrx_word' id='word_1_230' title='bbox 887 2455 931 2513; x_wconf 91' lang='lat' dir='ltr'><strong>sui</strong></span> <span class='ocrx_word' id='word_1_231' title='bbox 945 2461 1025 2531; x_wconf 88' lang='lat' dir='ltr'><strong>parte</strong></span> <span class='ocrx_word' id='word_1_232' title='bbox 1039 2464 1140 2514; x_wconf 76' lang='grc'><strong>111-15</strong></span> <span class='ocrx_word' id='word_1_233' title='bbox 1175 2509 1178 2514; x_wconf 90' lang='grc'>.</span> 
     </span>
     <span class='ocr_line' id='line_1_27' title="bbox 99 2536 1098 2616; baseline -0.001 -22"><span class='ocrx_word' id='word_1_234' title='bbox 99 2536 194 2597; x_wconf 87' lang='lat' dir='ltr'><strong>ridiem</strong></span> <span class='ocrx_word' id='word_1_235' title='bbox 215 2547 329 2616; x_wconf 88' lang='lat' dir='ltr'><strong>spectat</strong></span> <span class='ocrx_word' id='word_1_236' title='bbox 350 2539 545 2616; x_wconf 82' lang='lat' dir='ltr'><strong>aestivumque</strong></span> <span class='ocrx_word' id='word_1_237' title='bbox 565 2536 657 2596; x_wconf 88' lang='lat' dir='ltr'><strong>solem</strong></span> <span class='ocrx_word' id='word_1_238' title='bbox 678 2536 713 2596; x_wconf 89' lang='lat' dir='ltr'><strong>ab</strong></span> <span class='ocrx_word' id='word_1_239' title='bbox 734 2537 804 2595; x_wconf 93' lang='lat' dir='ltr'><strong>hora</strong></span> <span class='ocrx_word' id='word_1_240' title='bbox 824 2546 921 2612; x_wconf 84' lang='lat' dir='ltr'><strong>sexta,</strong></span> <span class='ocrx_word' id='word_1_241' title='bbox 951 2536 1098 2595; x_wconf 90' lang='lat' dir='ltr'><strong>hibernum</strong></span> 
     </span>
     <span class='ocr_line' id='line_1_28' title="bbox 100 2618 1098 2700; baseline 0 -22"><span class='ocrx_word' id='word_1_242' title='bbox 100 2618 238 2700; x_wconf 87' lang='lat' dir='ltr'><strong>aliquanto</strong></span> <span class='ocrx_word' id='word_1_243' title='bbox 252 2624 396 2698; x_wconf 87' lang='lat' dir='ltr'><strong>maturius,</strong></span> <span class='ocrx_word' id='word_1_244' title='bbox 413 2623 492 2700; x_wconf 88' lang='lat' dir='ltr'><strong>quasi</strong></span> <span class='ocrx_word' id='word_1_245' title='bbox 506 2623 644 2680; x_wconf 82' lang='lat' dir='ltr'><strong>invitatio</strong></span> <span class='ocrx_word' id='word_1_246' title='bbox 658 2622 798 2698; x_wconf 90' lang='lat' dir='ltr'><strong>porticum</strong></span> <span class='ocrx_word' id='word_1_247' title='bbox 813 2618 896 2678; x_wconf 88' lang='lat' dir='ltr'><strong>letum</strong></span> <span class='ocrx_word' id='word_1_248' title='bbox 909 2628 938 2679; x_wconf 90' lang='lat' dir='ltr'><strong>et</strong></span> <span class='ocrx_word' id='word_1_249' title='bbox 949 2636 1002 2699; x_wconf 91' lang='lat' dir='ltr'><strong>pro</strong></span> <span class='ocrx_word' id='word_1_250' title='bbox 1014 2618 1098 2678; x_wconf 90' lang='lat' dir='ltr'><strong>modo</strong></span> 
     </span>
     <span class='ocr_line' id='line_1_29' title="bbox 100 2700 1097 2782; baseline 0 -21"><span class='ocrx_word' id='word_1_251' title='bbox 100 2700 216 2782; x_wconf 80' lang='lat' dir='ltr'><strong>longam.</strong></span> <span class='ocrx_word' id='word_1_252' title='bbox 240 2705 328 2766; x_wconf 90' lang='lat' dir='ltr'><strong>llulta</strong></span> <span class='ocrx_word' id='word_1_253' title='bbox 341 2707 370 2764; x_wconf 95' lang='lat' dir='ltr'><strong>in</strong></span> <span class='ocrx_word' id='word_1_254' title='bbox 386 2704 440 2765; x_wconf 86' lang='lat' dir='ltr'><strong>bac</strong></span> <span class='ocrx_word' id='word_1_255' title='bbox 455 2704 591 2782; x_wconf 85' lang='lat' dir='ltr'><strong>membra,</strong></span> <span class='ocrx_word' id='word_1_256' title='bbox 605 2705 704 2764; x_wconf 90' lang='lat' dir='ltr'><strong>atrium</strong></span> <span class='ocrx_word' id='word_1_257' title='bbox 720 2705 803 2764; x_wconf 87' lang='lat' dir='ltr'><strong>etiam</strong></span> <span class='ocrx_word' id='word_1_258' title='bbox 815 2720 851 2762; x_wconf 86' lang='lat' dir='ltr'><strong>ex</strong></span> <span class='ocrx_word' id='word_1_259' title='bbox 865 2719 945 2777; x_wconf 83' lang='lat' dir='ltr'><strong>ruore</strong></span> <span class='ocrx_word' id='word_1_260' title='bbox 959 2711 1097 2763; x_wconf 86' lang='lat' dir='ltr'><strong>veterum.</strong></span> 
     </span>
     <span class='ocr_line' id='line_1_30' title="bbox 100 2785 1140 2869; baseline 0.002 -23"><span class='ocrx_word' id='word_1_261' title='bbox 100 2785 170 2849; x_wconf 91' lang='lat' dir='ltr'><strong>Ante</strong></span> <span class='ocrx_word' id='word_1_262' title='bbox 185 2791 326 2869; x_wconf 89' lang='lat' dir='ltr'><strong>porticum</strong></span> <span class='ocrx_word' id='word_1_263' title='bbox 341 2797 441 2863; x_wconf 80' lang='lat' dir='ltr'><strong>xystus</strong></span> <span class='ocrx_word' id='word_1_264' title='bbox 456 2790 484 2847; x_wconf 91' lang='lat' dir='ltr'><strong>in</strong></span> <span class='ocrx_word' id='word_1_265' title='bbox 505 2787 638 2865; x_wconf 88' lang='lat' dir='ltr'><strong>plurimas</strong></span> <span class='ocrx_word' id='word_1_266' title='bbox 654 2788 770 2866; x_wconf 90' lang='lat' dir='ltr'><strong>species</strong></span> <span class='ocrx_word' id='word_1_267' title='bbox 788 2786 936 2848; x_wconf 89' lang='lat' dir='ltr'><strong>distinctus</strong></span> <span class='ocrx_word' id='word_1_268' title='bbox 952 2789 1098 2848; x_wconf 90' lang='lat' dir='ltr'><strong>concisus·</strong></span> <span class='ocrx_word' id='word_1_269' title='bbox 1108 2793 1140 2848; x_wconf 87' lang='grc'><strong>16</strong></span> 
     </span>
     <span class='ocr_line' id='line_1_31' title="bbox 67 2870 1099 2951; baseline -0.007 -15"><span class='ocrx_word' id='word_1_270' title='bbox 67 2881 153 2948; x_wconf 77' lang='lat' dir='ltr'><strong>doque</strong></span> <span class='ocrx_word' id='word_1_271' title='bbox 173 2874 265 2942; x_wconf 92' lang='lat' dir='ltr'><strong>buxo;</strong></span> <span class='ocrx_word' id='word_1_272' title='bbox 290 2873 429 2932; x_wconf 89' lang='lat' dir='ltr'><strong>demissus</strong></span> <span class='ocrx_word' id='word_1_273' title='bbox 445 2872 510 2932; x_wconf 89' lang='lat' dir='ltr'><strong>inde</strong></span> <span class='ocrx_word' id='word_1_274' title='bbox 530 2889 694 2951; x_wconf 89' lang='lat' dir='ltr'><strong>pronusque</strong></span> <span class='ocrx_word' id='word_1_275' title='bbox 715 2870 862 2949; x_wconf 82' lang='lat' dir='ltr'><strong>pulvinus,</strong></span> <span class='ocrx_word' id='word_1_276' title='bbox 886 2873 931 2932; x_wconf 93' lang='lat' dir='ltr'><strong>cui</strong></span> <span class='ocrx_word' id='word_1_277' title='bbox 946 2872 1099 2933; x_wconf 88' lang='lat' dir='ltr'><strong>bestiarum</strong></span> 
     </span>
     <span class='ocr_line' id='line_1_32' title="bbox 103 2954 1098 3033; baseline 0.001 -21"><span class='ocrx_word' id='word_1_278' title='bbox 103 2954 210 3032; x_wconf 83' lang='lat' dir='ltr'><strong>efigies</strong></span> <span class='ocrx_word' id='word_1_279' title='bbox 232 2959 353 3016; x_wconf 86' lang='lat' dir='ltr'><strong>invicem</strong></span> <span class='ocrx_word' id='word_1_280' title='bbox 375 2955 510 3017; x_wconf 89' lang='lat' dir='ltr'><strong>adversas</strong></span> <span class='ocrx_word' id='word_1_281' title='bbox 524 2956 615 3016; x_wconf 86' lang='lat' dir='ltr'><strong>buxus</strong></span> <span class='ocrx_word' id='word_1_282' title='bbox 637 2957 797 3033; x_wconf 90' lang='lat' dir='ltr'><strong>inscripsit:</strong></span> <span class='ocrx_word' id='word_1_283' title='bbox 821 2954 956 3016; x_wconf 88' lang='lat' dir='ltr'><strong>acanthus</strong></span> <span class='ocrx_word' id='word_1_284' title='bbox 971 2957 999 3014; x_wconf 92' lang='lat' dir='ltr'><strong>in</strong></span> <span class='ocrx_word' id='word_1_285' title='bbox 1013 2954 1098 3033; x_wconf 90' lang='lat' dir='ltr'><strong>plano</strong></span> 
     </span>
     <span class='ocr_line' id='line_1_33' title="bbox 103 3038 1139 3120; baseline 0.003 -26"><span class='ocrx_word' id='word_1_286' title='bbox 103 3038 190 3100; x_wconf 91' lang='lat' dir='ltr'><strong>mollis</strong></span> <span class='ocrx_word' id='word_1_287' title='bbox 206 3049 237 3100; x_wconf 92' lang='lat' dir='ltr'><strong>ct</strong></span> <span class='ocrx_word' id='word_1_288' title='bbox 248 3059 339 3120; x_wconf 90' lang='lat' dir='ltr'><strong>paene</strong></span> <span class='ocrx_word' id='word_1_289' title='bbox 357 3039 473 3100; x_wconf 87' lang='lat' dir='ltr'><strong>dixerim</strong></span> <span class='ocrx_word' id='word_1_290' title='bbox 489 3039 621 3118; x_wconf 90' lang='lat' dir='ltr'><strong>liquidus.</strong></span> <span class='ocrx_word' id='word_1_291' title='bbox 651 3038 748 3099; x_wconf 81' lang='lat' dir='ltr'><strong>Ambit</strong></span> <span class='ocrx_word' id='word_1_292' title='bbox 761 3039 837 3099; x_wconf 90' lang='lat' dir='ltr'><strong>bunc</strong></span> <span class='ocrx_word' id='word_1_293' title='bbox 850 3038 1002 3100; x_wconf 88' lang='lat' dir='ltr'><strong>ambulatio</strong></span> <span class='ocrx_word' id='word_1_294' title='bbox 1016 3055 1097 3116; x_wconf 89' lang='lat' dir='ltr'><strong>pres·</strong></span> <span class='ocrx_word' id='word_1_295' title='bbox 1108 3042 1139 3097; x_wconf 87' lang='grc'><strong>17</strong></span> 
     </span>
     <span class='ocr_line' id='line_1_34' title="bbox 105 3121 1099 3203; baseline -0.001 -25"><span class='ocrx_word' id='word_1_296' title='bbox 105 3122 141 3181; x_wconf 88' lang='grc'><strong>111</strong></span> <span class='ocrx_word' id='word_1_297' title='bbox 154 3127 289 3203; x_wconf 83' lang='lat' dir='ltr'><strong>varieque</strong></span> <span class='ocrx_word' id='word_1_298' title='bbox 303 3125 393 3184; x_wconf 92' lang='lat' dir='ltr'><strong>tonsis</strong></span> <span class='ocrx_word' id='word_1_299' title='bbox 408 3122 544 3185; x_wconf 82' lang='lat' dir='ltr'><strong>viridibus</strong></span> <span class='ocrx_word' id='word_1_300' title='bbox 558 3122 682 3182; x_wconf 92' lang='lat' dir='ltr'><strong>inclusa:</strong></span> <span class='ocrx_word' id='word_1_301' title='bbox 696 3122 732 3182; x_wconf 89' lang='lat' dir='ltr'><strong>ab</strong></span> <span class='ocrx_word' id='word_1_302' title='bbox 747 3123 790 3183; x_wconf 88' lang='lat' dir='ltr'><strong>bis</strong></span> <span class='ocrx_word' id='word_1_303' title='bbox 804 3125 927 3200; x_wconf 85' lang='lat' dir='ltr'><strong>gestatio</strong></span> <span class='ocrx_word' id='word_1_304' title='bbox 943 3125 972 3181; x_wconf 91' lang='lat' dir='ltr'><strong>in</strong></span> <span class='ocrx_word' id='word_1_305' title='bbox 986 3121 1099 3180; x_wconf 90' lang='lat' dir='ltr'><strong>modurn</strong></span> 
     </span>
     <span class='ocr_line' id='line_1_35' title="bbox 106 3205 1098 3286; baseline -0.001 -25"><span class='ocrx_word' id='word_1_306' title='bbox 106 3205 185 3283; x_wconf 89' lang='lat' dir='ltr'><strong>circi,</strong></span> <span class='ocrx_word' id='word_1_307' title='bbox 210 3226 283 3286; x_wconf 92' lang='lat' dir='ltr'><strong>quae</strong></span> <span class='ocrx_word' id='word_1_308' title='bbox 305 3208 408 3267; x_wconf 88' lang='lat' dir='ltr'><strong>buxum</strong></span> <span class='ocrx_word' id='word_1_309' title='bbox 423 3207 622 3266; x_wconf 87' lang='lat' dir='ltr'><strong>multiformem</strong></span> <span class='ocrx_word' id='word_1_310' title='bbox 638 3205 817 3284; x_wconf 85' lang='lat' dir='ltr'><strong>humilesque</strong></span> <span class='ocrx_word' id='word_1_311' title='bbox 832 3215 862 3266; x_wconf 86' lang='lat' dir='ltr'><strong>et</strong></span> <span class='ocrx_word' id='word_1_312' title='bbox 875 3213 1002 3265; x_wconf 91' lang='lat' dir='ltr'><strong>retentas</strong></span> <span class='ocrx_word' id='word_1_313' title='bbox 1017 3220 1098 3261; x_wconf 90' lang='lat' dir='ltr'><strong>manu</strong></span> 
     </span>
     <span class='ocr_line' id='line_1_36' title="bbox 70 3285 1099 3364; baseline -0.001 -20"><span class='ocrx_word' id='word_1_314' title='bbox 70 3287 262 3351; x_wconf 76' lang='lat' dir='ltr'><strong>toarbnscules</strong></span> <span class='ocrx_word' id='word_1_315' title='bbox 279 3293 415 3351; x_wconf 90' lang='lat' dir='ltr'><strong>circumit.</strong></span> <span class='ocrx_word' id='word_1_316' title='bbox 449 3290 546 3351; x_wconf 81' lang='lat' dir='ltr'><strong>Omnia</strong></span> <span class='ocrx_word' id='word_1_317' title='bbox 559 3293 681 3351; x_wconf 89' lang='lat' dir='ltr'><strong>maceria</strong></span> <span class='ocrx_word' id='word_1_318' title='bbox 694 3291 868 3349; x_wconf 89' lang='lat' dir='ltr'><strong>muniuntur:</strong></span> <span class='ocrx_word' id='word_1_319' title='bbox 896 3289 969 3349; x_wconf 86' lang='lat' dir='ltr'><strong>hnnc</strong></span> <span class='ocrx_word' id='word_1_320' title='bbox 984 3285 1099 3364; x_wconf 88' lang='lat' dir='ltr'><strong>gradata</strong></span> 
     </span>
     <span class='ocr_line' id='line_1_37' title="bbox 105 3369 1141 3453; baseline -0.001 -22"><span class='ocrx_word' id='word_1_321' title='bbox 105 3369 190 3434; x_wconf 88' lang='lat' dir='ltr'><strong>buxus</strong></span> <span class='ocrx_word' id='word_1_322' title='bbox 205 3377 297 3453; x_wconf 89' lang='lat' dir='ltr'><strong>operit</strong></span> <span class='ocrx_word' id='word_1_323' title='bbox 312 3384 341 3435; x_wconf 89' lang='lat' dir='ltr'><strong>et</strong></span> <span class='ocrx_word' id='word_1_324' title='bbox 355 3374 502 3435; x_wconf 90' lang='lat' dir='ltr'><strong>subtrabit.</strong></span> <span class='ocrx_word' id='word_1_325' title='bbox 523 3373 633 3434; x_wconf 81' lang='lat' dir='ltr'><strong>Pratum</strong></span> <span class='ocrx_word' id='word_1_326' title='bbox 649 3374 715 3434; x_wconf 91' lang='lat' dir='ltr'><strong>inde</strong></span> <span class='ocrx_word' id='word_1_327' title='bbox 729 3389 786 3432; x_wconf 91' lang='lat' dir='ltr'><strong>non</strong></span> <span class='ocrx_word' id='word_1_328' title='bbox 799 3375 890 3432; x_wconf 90' lang='lat' dir='ltr'><strong>minus</strong></span> <span class='ocrx_word' id='word_1_329' title='bbox 904 3381 1001 3431; x_wconf 88' lang='lat' dir='ltr'><strong>natura</strong></span> <span class='ocrx_word' id='word_1_330' title='bbox 1016 3386 1097 3447; x_wconf 91' lang='lat' dir='ltr'><strong>quarn</strong></span> <span class='ocrx_word' id='word_1_331' title='bbox 1110 3376 1141 3430; x_wconf 83' lang='lat'><strong>18</strong></span> 
     </span>
     <span class='ocr_line' id='line_1_38' title="bbox 106 3452 1098 3536; baseline 0.001 -26"><span class='ocrx_word' id='word_1_332' title='bbox 106 3459 246 3530; x_wconf 88' lang='lat' dir='ltr'><strong>superiora</strong></span> <span class='ocrx_word' id='word_1_333' title='bbox 264 3458 313 3518; x_wconf 85' lang='lat' dir='ltr'><strong>ille</strong></span> <span class='ocrx_word' id='word_1_334' title='bbox 332 3468 393 3519; x_wconf 88' lang='lat' dir='ltr'><strong>arte</strong></span> <span class='ocrx_word' id='word_1_335' title='bbox 411 3456 573 3519; x_wconf 89' lang='lat' dir='ltr'><strong>visendum:</strong></span> <span class='ocrx_word' id='word_1_336' title='bbox 600 3459 692 3536; x_wconf 90' lang='lat' dir='ltr'><strong>campi</strong></span> <span class='ocrx_word' id='word_1_337' title='bbox 704 3510 706 3516; x_wconf 81' lang='grc'>,</span> <span class='ocrx_word' id='word_1_338' title='bbox 717 3455 820 3516; x_wconf 93' lang='lat' dir='ltr'><strong>deinde</strong></span> <span class='ocrx_word' id='word_1_339' title='bbox 845 3471 931 3533; x_wconf 94' lang='lat' dir='ltr'><strong>porro</strong></span> <span class='ocrx_word' id='word_1_340' title='bbox 955 3452 1098 3531; x_wconf 88' lang='lat' dir='ltr'><strong>multaque</strong></span> 
     </span>
     <span class='ocr_line' id='line_1_39' title="bbox 107 3534 1141 3620; baseline 0.003 -27"><span class='ocrx_word' id='word_1_341' title='bbox 107 3534 156 3596; x_wconf 87' lang='lat' dir='ltr'><strong>alia</strong></span> <span class='ocrx_word' id='word_1_342' title='bbox 175 3550 252 3618; x_wconf 89' lang='lat' dir='ltr'><strong>prata</strong></span> <span class='ocrx_word' id='word_1_343' title='bbox 274 3552 305 3603; x_wconf 88' lang='lat' dir='ltr'><strong>et</strong></span> <span class='ocrx_word' id='word_1_344' title='bbox 324 3542 446 3602; x_wconf 89' lang='lat' dir='ltr'><strong>arbusta.</strong></span> <span class='ocrx_word' id='word_1_345' title='bbox 476 3542 503 3601; x_wconf 90' lang='lat' dir='ltr'><strong>A</strong></span> <span class='ocrx_word' id='word_1_346' title='bbox 524 3543 617 3620; x_wconf 89' lang='lat' dir='ltr'><strong>capite</strong></span> <span class='ocrx_word' id='word_1_347' title='bbox 636 3542 764 3620; x_wconf 91' lang='lat' dir='ltr'><strong>porticus</strong></span> <span class='ocrx_word' id='word_1_348' title='bbox 785 3537 936 3599; x_wconf 88' lang='lat' dir='ltr'><strong>triclinium</strong></span> <span class='ocrx_word' id='word_1_349' title='bbox 960 3538 1097 3599; x_wconf 86' lang='lat' dir='ltr'><strong>excurrit:</strong></span> <span class='ocrx_word' id='word_1_350' title='bbox 1109 3543 1141 3596; x_wconf 74' lang='lat'><strong>19</strong></span> 
     </span>
    </p>
   </div>
   <div class='ocr_carea' id='block_1_3' title="bbox 0 0 1320 4096">
    <p class='ocr_par' dir='ltr' id='par_1_3' title="bbox 0 0 1320 4096">
     <span class='ocr_line' id='line_1_40' title="bbox 0 0 1320 4096; baseline 0 0"><span class='ocrx_word' id='word_1_351' title='bbox 0 0 1320 4096; x_wconf 95' lang='lat' dir='ltr'><strong> </strong></span> 
     </span>
    </p>
   </div>
  </div>
 </body>
</html>
