<?xml version="1.0" encoding="UTF-8"?>
<!DOCTYPE html PUBLIC "-//W3C//DTD XHTML 1.0 Transitional//EN"
    "http://www.w3.org/TR/xhtml1/DTD/xhtml1-transitional.dtd">
<html xmlns="http://www.w3.org/1999/xhtml" xml:lang="en" lang="en">
 <head>
  <title>
</title>
<meta http-equiv="Content-Type" content="text/html;charset=utf-8" />
  <meta name='ocr-system' content='tesseract 3.04.00' />
  <meta name='ocr-capabilities' content='ocr_page ocr_carea ocr_par ocr_line ocrx_word'/>
</head>
<body>
  <div class='ocr_page' id='page_1' title='image "./epistularumlibr00plingoog/epistularumlibr00plingoog_0187.png"; bbox 0 0 2616 4096; ppageno 0'>
   <div class='ocr_carea' id='block_1_1' title="bbox 217 280 794 348">
    <p class='ocr_par' dir='ltr' id='par_1_1' title="bbox 217 280 794 348">
     <span class='ocr_line' id='line_1_1' title="bbox 217 280 794 348; baseline -0.009 -2"><span class='ocrx_word' id='word_1_1' title='bbox 217 283 279 348; x_wconf 83' lang='lat' dir='ltr'><strong>loo</strong></span> <span class='ocrx_word' id='word_1_2' title='bbox 644 282 677 342; x_wconf 84' lang='lat' dir='ltr'><strong>G.</strong></span> <span class='ocrx_word' id='word_1_3' title='bbox 697 280 794 343; x_wconf 86' lang='lat' dir='ltr'><strong>PblNl</strong></span> 
     </span>
    </p>
   </div>
   <div class='ocr_carea' id='block_1_2' title="bbox 217 433 1219 598">
    <p class='ocr_par' dir='ltr' id='par_1_2' title="bbox 217 433 1219 598">
     <span class='ocr_line' id='line_1_2' title="bbox 217 433 1219 514; baseline -0.004 -18"><span class='ocrx_word' id='word_1_4' title='bbox 217 435 336 514; x_wconf 87' lang='lat' dir='ltr'><strong>dedisti,</strong></span> <span class='ocrx_word' id='word_1_5' title='bbox 356 451 392 495; x_wconf 90' lang='lat' dir='ltr'><strong>eo</strong></span> <span class='ocrx_word' id='word_1_6' title='bbox 408 433 526 496; x_wconf 90' lang='lat' dir='ltr'><strong>liberius</strong></span> <span class='ocrx_word' id='word_1_7' title='bbox 540 434 617 513; x_wconf 89' lang='lat' dir='ltr'><strong>quod</strong></span> <span class='ocrx_word' id='word_1_8' title='bbox 636 433 704 493; x_wconf 85' lang='lat' dir='ltr'><strong>nihil</strong></span> <span class='ocrx_word' id='word_1_9' title='bbox 725 452 762 494; x_wconf 84' lang='lat' dir='ltr'><strong>ex</strong></span> <span class='ocrx_word' id='word_1_10' title='bbox 783 435 855 496; x_wconf 89' lang='lat' dir='ltr'><strong>meis</strong></span> <span class='ocrx_word' id='word_1_11' title='bbox 874 434 984 493; x_wconf 85' lang='lat' dir='ltr'><strong>interim</strong></span> <span class='ocrx_word' id='word_1_12' title='bbox 1003 434 1142 494; x_wconf 89' lang='lat' dir='ltr'><strong>missurus</strong></span> <span class='ocrx_word' id='word_1_13' title='bbox 1158 451 1219 494; x_wconf 85' lang='lat' dir='ltr'><strong>sum</strong></span> 
     </span>
     <span class='ocr_line' id='line_1_3' title="bbox 217 515 715 598; baseline 0.002 -19"><span class='ocrx_word' id='word_1_14' title='bbox 217 520 267 580; x_wconf 91' lang='lat' dir='ltr'><strong>tibi</strong></span> <span class='ocrx_word' id='word_1_15' title='bbox 283 520 310 578; x_wconf 91' lang='lat' dir='ltr'><strong>in</strong></span> <span class='ocrx_word' id='word_1_16' title='bbox 326 535 382 598; x_wconf 83' lang='lat' dir='ltr'><strong>quo</strong></span> <span class='ocrx_word' id='word_1_17' title='bbox 398 527 428 578; x_wconf 89' lang='lat' dir='ltr'><strong>te</strong></span> <span class='ocrx_word' id='word_1_18' title='bbox 442 517 600 580; x_wconf 86' lang='lat' dir='ltr'><strong>ulciscaris.</strong></span> <span class='ocrx_word' id='word_1_19' title='bbox 631 515 715 580; x_wconf 88' lang='lat' dir='ltr'><strong>Vale.</strong></span> 
     </span>
    </p>
   </div>
   <div class='ocr_carea' id='block_1_3' title="bbox 494 635 942 800">
    <p class='ocr_par' dir='ltr' id='par_1_3' title="bbox 494 635 942 800">
     <span class='ocr_line' id='line_1_4' title="bbox 494 635 942 800; baseline -0.009 -2"><span class='ocrx_word' id='word_1_20' title='bbox 494 747 522 800; x_wconf 84' lang='lat' dir='ltr'><strong>G.</strong></span> <span class='ocrx_word' id='word_1_21' title='bbox 541 745 666 799; x_wconf 83' lang='lat' dir='ltr'>PLINIUS</span> <span class='ocrx_word' id='word_1_22' title='bbox 675 635 819 798; x_wconf 52' lang='lat' dir='ltr'><strong>Yllolllgllo</strong></span> <span class='ocrx_word' id='word_1_23' title='bbox 837 745 896 797; x_wconf 84' lang='lat' dir='ltr'><strong>SUO</strong></span> <span class='ocrx_word' id='word_1_24' title='bbox 916 745 942 795; x_wconf 89' lang='lat' dir='ltr'><strong>S.</strong></span> 
     </span>
    </p>
   </div>
   <div class='ocr_carea' id='block_1_4' title="bbox 4 843 1258 3175">
    <p class='ocr_par' dir='ltr' id='par_1_4' title="bbox 196 843 1221 1178">
     <span class='ocr_line' id='line_1_5' title="bbox 197 843 1221 927; baseline -0.003 -18"><span class='ocrx_word' id='word_1_25' title='bbox 197 863 213 916; x_wconf 94' lang='lat'>1</span> <span class='ocrx_word' id='word_1_26' title='bbox 281 850 421 912; x_wconf 70' lang='lat' dir='ltr'><strong>Vidistine</strong></span> <span class='ocrx_word' id='word_1_27' title='bbox 431 848 581 927; x_wconf 88' lang='lat' dir='ltr'><strong>aliqnando</strong></span> <span class='ocrx_word' id='word_1_28' title='bbox 593 846 762 910; x_wconf 79' lang='lat' dir='ltr'><strong>Clitumnum</strong></span> <span class='ocrx_word' id='word_1_29' title='bbox 773 843 899 909; x_wconf 80' lang='lat' dir='ltr'><strong>iontem?</strong></span> <span class='ocrx_word' id='word_1_30' title='bbox 918 849 949 907; x_wconf 89' lang='lat' dir='ltr'><strong>Si</strong></span> <span class='ocrx_word' id='word_1_31' title='bbox 959 847 1081 908; x_wconf 89' lang='lat' dir='ltr'><strong>nondum</strong></span> <span class='ocrx_word' id='word_1_32' title='bbox 1093 849 1139 925; x_wconf 88' lang='lat' dir='ltr'><strong>(et</strong></span> <span class='ocrx_word' id='word_1_33' title='bbox 1151 858 1221 925; x_wconf 89' lang='lat' dir='ltr'><strong>puto</strong></span> 
     </span>
     <span class='ocr_line' id='line_1_6' title="bbox 219 930 1221 1011; baseline -0.003 -16"><span class='ocrx_word' id='word_1_34' title='bbox 219 933 355 1002; x_wconf 86' lang='lat' dir='ltr'><strong>nondum;</strong></span> <span class='ocrx_word' id='word_1_35' title='bbox 370 931 474 1011; x_wconf 78' lang='lat' dir='ltr'><strong>alioqui</strong></span> <span class='ocrx_word' id='word_1_36' title='bbox 488 951 634 994; x_wconf 79' lang='lat' dir='ltr'>narrasses</span> <span class='ocrx_word' id='word_1_37' title='bbox 650 932 745 1010; x_wconf 92' lang='lat' dir='ltr'><strong>mibi),</strong></span> <span class='ocrx_word' id='word_1_38' title='bbox 758 932 835 1009; x_wconf 89' lang='lat' dir='ltr'><strong>vide,</strong></span> <span class='ocrx_word' id='word_1_39' title='bbox 851 949 936 1010; x_wconf 88' lang='lat' dir='ltr'><strong>quem</strong></span> <span class='ocrx_word' id='word_1_40' title='bbox 946 947 1002 1008; x_wconf 76' lang='lat' dir='ltr'><strong>ego</strong></span> <span class='ocrx_word' id='word_1_41' title='bbox 1013 930 1156 1009; x_wconf 87' lang='lat' dir='ltr'><strong>(paenitet</strong></span> <span class='ocrx_word' id='word_1_42' title='bbox 1165 940 1221 992; x_wconf 88' lang='lat' dir='ltr'><strong>tar·</strong></span> 
     </span>
     <span class='ocr_line' id='line_1_7' title="bbox 196 1013 1221 1095; baseline -0.007 -16"><span class='ocrx_word' id='word_1_43' title='bbox 196 1016 331 1095; x_wconf 68' lang='lat' dir='ltr'><strong>aditatis)</strong></span> <span class='ocrx_word' id='word_1_44' title='bbox 352 1017 479 1094; x_wconf 80' lang='lat' dir='ltr'><strong>proxime</strong></span> <span class='ocrx_word' id='word_1_45' title='bbox 501 1015 567 1076; x_wconf 87' lang='lat' dir='ltr'><strong>vidi.</strong></span> <span class='ocrx_word' id='word_1_46' title='bbox 607 1014 738 1076; x_wconf 77' lang='lat' dir='ltr'><strong>Modicus</strong></span> <span class='ocrx_word' id='word_1_47' title='bbox 763 1013 846 1076; x_wconf 86' lang='lat' dir='ltr'><strong>collis</strong></span> <span class='ocrx_word' id='word_1_48' title='bbox 868 1013 1010 1091; x_wconf 79' lang='lat' dir='ltr'><strong>adsurgit,</strong></span> <span class='ocrx_word' id='word_1_49' title='bbox 1037 1015 1151 1092; x_wconf 88' lang='lat' dir='ltr'><strong>antiqua</strong></span> <span class='ocrx_word' id='word_1_50' title='bbox 1172 1032 1221 1074; x_wconf 91' lang='lat' dir='ltr'><strong>cu·</strong></span> 
     </span>
     <span class='ocr_line' id='line_1_8' title="bbox 221 1096 1221 1178; baseline -0.001 -21"><span class='ocrx_word' id='word_1_51' title='bbox 221 1116 325 1178; x_wconf 89' lang='lat' dir='ltr'><strong>presso</strong></span> <span class='ocrx_word' id='word_1_52' title='bbox 339 1115 507 1162; x_wconf 88' lang='lat' dir='ltr'><strong>nemorosus</strong></span> <span class='ocrx_word' id='word_1_53' title='bbox 524 1109 553 1160; x_wconf 89' lang='lat' dir='ltr'><strong>et</strong></span> <span class='ocrx_word' id='word_1_54' title='bbox 569 1116 687 1176; x_wconf 87' lang='lat' dir='ltr'><strong>opacus.</strong></span> <span class='ocrx_word' id='word_1_55' title='bbox 716 1097 798 1158; x_wconf 88' lang='lat' dir='ltr'><strong>llunc</strong></span> <span class='ocrx_word' id='word_1_56' title='bbox 813 1097 912 1158; x_wconf 87' lang='lat' dir='ltr'><strong>subter</strong></span> <span class='ocrx_word' id='word_1_57' title='bbox 926 1099 983 1158; x_wconf 85' lang='lat' dir='ltr'><strong>exit</strong></span> <span class='ocrx_word' id='word_1_58' title='bbox 998 1096 1063 1158; x_wconf 91' lang='lat' dir='ltr'><strong>lons</strong></span> <span class='ocrx_word' id='word_1_59' title='bbox 1079 1105 1109 1156; x_wconf 87' lang='lat' dir='ltr'><strong>et</strong></span> <span class='ocrx_word' id='word_1_60' title='bbox 1125 1100 1221 1174; x_wconf 89' lang='lat' dir='ltr'><strong>expri-</strong></span> 
     </span>
    </p>

    <p class='ocr_par' dir='ltr' id='par_1_5' title="bbox 4 1179 1257 1592">
     <span class='ocr_line' id='line_1_9' title="bbox 4 1179 1257 1261; baseline 0.001 -18"><span class='ocrx_word' id='word_1_61' title='bbox 4 1247 5 1260; x_wconf 43' lang='lat'><strong>,</strong></span> <span class='ocrx_word' id='word_1_62' title='bbox 220 1183 302 1242; x_wconf 90' lang='lat' dir='ltr'><strong>mitur</strong></span> <span class='ocrx_word' id='word_1_63' title='bbox 323 1181 452 1261; x_wconf 86' lang='lat' dir='ltr'><strong>pluribus</strong></span> <span class='ocrx_word' id='word_1_64' title='bbox 472 1184 553 1242; x_wconf 85' lang='lat' dir='ltr'><strong>venis</strong></span> <span class='ocrx_word' id='word_1_65' title='bbox 570 1182 623 1243; x_wconf 90' lang='lat' dir='ltr'><strong>sed</strong></span> <span class='ocrx_word' id='word_1_66' title='bbox 641 1182 802 1261; x_wconf 89' lang='lat' dir='ltr'><strong>inparibus,</strong></span> <span class='ocrx_word' id='word_1_67' title='bbox 828 1179 1026 1258; x_wconf 78' lang='lat' dir='ltr'><strong>eluctatusque</strong></span> <span class='ocrx_word' id='word_1_68' title='bbox 1046 1198 1131 1258; x_wconf 75' lang='lat' dir='ltr'><strong>quem</strong></span> <span class='ocrx_word' id='word_1_69' title='bbox 1152 1180 1257 1244; x_wconf 89' lang='lat' dir='ltr'><strong>lacitlt</strong></span> 
     </span>
     <span class='ocr_line' id='line_1_10' title="bbox 119 1263 1221 1344; baseline 0.002 -20"><span class='ocrx_word' id='word_1_70' title='bbox 119 1307 122 1314; x_wconf 83' lang='lat'><em>-</em></span> <span class='ocrx_word' id='word_1_71' title='bbox 220 1267 361 1343; x_wconf 70' lang='lat' dir='ltr'><strong>gurgitem</strong></span> <span class='ocrx_word' id='word_1_72' title='bbox 368 1263 435 1339; x_wconf 71' lang='lat' dir='ltr'><strong>‚lato</strong></span> <span class='ocrx_word' id='word_1_73' title='bbox 456 1267 565 1342; x_wconf 62' lang='lat' dir='ltr'><strong>merulo</strong></span> <span class='ocrx_word' id='word_1_74' title='bbox 584 1266 707 1344; x_wconf 81' lang='lat' dir='ltr'><strong>patescit</strong></span> <span class='ocrx_word' id='word_1_75' title='bbox 721 1282 809 1343; x_wconf 89' lang='lat' dir='ltr'><strong>purus</strong></span> <span class='ocrx_word' id='word_1_76' title='bbox 830 1273 860 1325; x_wconf 93' lang='lat' dir='ltr'><strong>et</strong></span> <span class='ocrx_word' id='word_1_77' title='bbox 879 1265 1004 1342; x_wconf 86' lang='lat' dir='ltr'><strong>vitreus,</strong></span> <span class='ocrx_word' id='word_1_78' title='bbox 1024 1272 1055 1328; x_wconf 87' lang='lat' dir='ltr'><strong>ut</strong></span> <span class='ocrx_word' id='word_1_79' title='bbox 1072 1281 1221 1326; x_wconf 87' lang='lat' dir='ltr'><strong>numerare</strong></span> 
     </span>
     <span class='ocr_line' id='line_1_11' title="bbox 197 1345 1220 1427; baseline -0.004 -15"><span class='ocrx_word' id='word_1_80' title='bbox 197 1350 309 1412; x_wconf 71' lang='lat' dir='ltr'><strong>diaetas</strong></span> <span class='ocrx_word' id='word_1_81' title='bbox 326 1351 417 1427; x_wconf 87' lang='lat' dir='ltr'><strong>stipes</strong></span> <span class='ocrx_word' id='word_1_82' title='bbox 432 1357 461 1408; x_wconf 89' lang='lat' dir='ltr'><strong>et</strong></span> <span class='ocrx_word' id='word_1_83' title='bbox 474 1348 630 1409; x_wconf 88' lang='lat' dir='ltr'><strong>relucentis</strong></span> <span class='ocrx_word' id='word_1_84' title='bbox 646 1347 772 1409; x_wconf 88' lang='lat' dir='ltr'><strong>calculos</strong></span> <span class='ocrx_word' id='word_1_85' title='bbox 787 1347 893 1426; x_wconf 85' lang='lat' dir='ltr'><strong>possis.</strong></span> <span class='ocrx_word' id='word_1_86' title='bbox 914 1345 982 1406; x_wconf 89' lang='lat' dir='ltr'><strong>lude</strong></span> <span class='ocrx_word' id='word_1_87' title='bbox 997 1364 1053 1408; x_wconf 90' lang='lat' dir='ltr'><strong>non</strong></span> <span class='ocrx_word' id='word_1_88' title='bbox 1063 1345 1122 1407; x_wconf 91' lang='lat' dir='ltr'><strong>loci</strong></span> <span class='ocrx_word' id='word_1_89' title='bbox 1133 1347 1220 1408; x_wconf 83' lang='lat' dir='ltr'><strong>deve·</strong></span> 
     </span>
     <span class='ocr_line' id='line_1_12' title="bbox 221 1428 1220 1510; baseline -0.004 -18"><span class='ocrx_word' id='word_1_90' title='bbox 221 1434 308 1492; x_wconf 73' lang='lat' dir='ltr'><strong>nitate</strong></span> <span class='ocrx_word' id='word_1_91' title='bbox 325 1431 376 1492; x_wconf 89' lang='lat' dir='ltr'><strong>sed</strong></span> <span class='ocrx_word' id='word_1_92' title='bbox 393 1432 455 1509; x_wconf 91' lang='lat' dir='ltr'><strong>ipsa</strong></span> <span class='ocrx_word' id='word_1_93' title='bbox 470 1434 513 1491; x_wconf 92' lang='lat' dir='ltr'><strong>sui</strong></span> <span class='ocrx_word' id='word_1_94' title='bbox 531 1433 615 1509; x_wconf 88' lang='lat' dir='ltr'><strong>copia</strong></span> <span class='ocrx_word' id='word_1_95' title='bbox 629 1440 658 1490; x_wconf 93' lang='lat' dir='ltr'><strong>et</strong></span> <span class='ocrx_word' id='word_1_96' title='bbox 673 1432 752 1509; x_wconf 90' lang='lat' dir='ltr'><strong>quasi</strong></span> <span class='ocrx_word' id='word_1_97' title='bbox 767 1431 894 1510; x_wconf 88' lang='lat' dir='ltr'><strong>pondere</strong></span> <span class='ocrx_word' id='word_1_98' title='bbox 908 1429 1062 1509; x_wconf 87' lang='lat' dir='ltr'><strong>inpellitur.</strong></span> <span class='ocrx_word' id='word_1_99' title='bbox 1083 1428 1161 1490; x_wconf 82' lang='lat' dir='ltr'><strong>Fons</strong></span> <span class='ocrx_word' id='word_1_100' title='bbox 1172 1430 1220 1490; x_wconf 89' lang='lat' dir='ltr'><strong>ad-</strong></span> 
     </span>
     <span class='ocr_line' id='line_1_13' title="bbox 220 1513 1219 1592; baseline 0.002 -20"><span class='ocrx_word' id='word_1_101' title='bbox 220 1514 276 1573; x_wconf 91' lang='lat' dir='ltr'><strong>buc</strong></span> <span class='ocrx_word' id='word_1_102' title='bbox 296 1523 325 1573; x_wconf 86' lang='lat' dir='ltr'><strong>et</strong></span> <span class='ocrx_word' id='word_1_103' title='bbox 345 1516 398 1572; x_wconf 91' lang='lat' dir='ltr'><strong>iam</strong></span> <span class='ocrx_word' id='word_1_104' title='bbox 415 1513 618 1592; x_wconf 88' lang='lat' dir='ltr'><strong>amplissimum</strong></span> <span class='ocrx_word' id='word_1_105' title='bbox 635 1513 739 1574; x_wconf 87' lang='lat' dir='ltr'><strong>flumen</strong></span> <span class='ocrx_word' id='word_1_106' title='bbox 757 1513 853 1592; x_wconf 91' lang='lat' dir='ltr'><strong>adque</strong></span> <span class='ocrx_word' id='word_1_107' title='bbox 869 1515 953 1582; x_wconf 86' lang='lat' dir='ltr'><strong>etiam</strong></span> <span class='ocrx_word' id='word_1_108' title='bbox 968 1517 1078 1573; x_wconf 88' lang='lat' dir='ltr'><strong>navium</strong></span> <span class='ocrx_word' id='word_1_109' title='bbox 1095 1515 1219 1592; x_wconf 87' lang='lat' dir='ltr'><strong>patiens,</strong></span> 
     </span>
    </p>

    <p class='ocr_par' dir='ltr' id='par_1_6' title="bbox 195 1596 1256 2010">
     <span class='ocr_line' id='line_1_14' title="bbox 221 1596 1256 1676; baseline -0.004 -19"><span class='ocrx_word' id='word_1_110' title='bbox 221 1613 291 1676; x_wconf 87' lang='lat' dir='ltr'><strong>quas</strong></span> <span class='ocrx_word' id='word_1_111' title='bbox 313 1596 411 1657; x_wconf 84' lang='lat' dir='ltr'><strong>obvias</strong></span> <span class='ocrx_word' id='word_1_112' title='bbox 432 1614 546 1676; x_wconf 86' lang='lat' dir='ltr'><strong>quoque</strong></span> <span class='ocrx_word' id='word_1_113' title='bbox 572 1607 602 1658; x_wconf 92' lang='lat' dir='ltr'><strong>et</strong></span> <span class='ocrx_word' id='word_1_114' title='bbox 629 1599 768 1658; x_wconf 87' lang='lat' dir='ltr'><strong>contrario</strong></span> <span class='ocrx_word' id='word_1_115' title='bbox 794 1599 857 1657; x_wconf 88' lang='lat' dir='ltr'><strong>nisu</strong></span> <span class='ocrx_word' id='word_1_116' title='bbox 881 1599 908 1656; x_wconf 90' lang='lat' dir='ltr'><strong>in</strong></span> <span class='ocrx_word' id='word_1_117' title='bbox 933 1596 1045 1658; x_wconf 86' lang='lat' dir='ltr'><strong>diversa</strong></span> <span class='ocrx_word' id='word_1_118' title='bbox 1068 1596 1220 1659; x_wconf 87' lang='lat' dir='ltr'><strong>tendentes</strong></span> <span class='ocrx_word' id='word_1_119' title='bbox 1231 1603 1256 1654; x_wconf 79' lang='lat'><strong>15</strong></span> 
     </span>
     <span class='ocr_line' id='line_1_15' title="bbox 221 1678 1219 1760; baseline 0.001 -19"><span class='ocrx_word' id='word_1_120' title='bbox 221 1682 381 1742; x_wconf 89' lang='lat' dir='ltr'><strong>transmittit</strong></span> <span class='ocrx_word' id='word_1_121' title='bbox 397 1690 425 1741; x_wconf 90' lang='lat' dir='ltr'><strong>et</strong></span> <span class='ocrx_word' id='word_1_122' title='bbox 439 1681 564 1760; x_wconf 84' lang='lat' dir='ltr'><strong>perfert,</strong></span> <span class='ocrx_word' id='word_1_123' title='bbox 591 1680 663 1741; x_wconf 91' lang='lat' dir='ltr'><strong>adeo</strong></span> <span class='ocrx_word' id='word_1_124' title='bbox 678 1679 786 1742; x_wconf 86' lang='lat' dir='ltr'><strong>validus</strong></span> <span class='ocrx_word' id='word_1_125' title='bbox 800 1690 831 1740; x_wconf 93' lang='lat' dir='ltr'><strong>ut</strong></span> <span class='ocrx_word' id='word_1_126' title='bbox 845 1678 893 1740; x_wconf 89' lang='lat' dir='ltr'><strong>illa</strong></span> <span class='ocrx_word' id='word_1_127' title='bbox 913 1698 968 1758; x_wconf 90' lang='lat' dir='ltr'><strong>qna</strong></span> <span class='ocrx_word' id='word_1_128' title='bbox 986 1690 1122 1759; x_wconf 89' lang='lat' dir='ltr'><strong>properat</strong></span> <span class='ocrx_word' id='word_1_129' title='bbox 1143 1682 1219 1760; x_wconf 81' lang='lat' dir='ltr'><strong>ipse,</strong></span> 
     </span>
     <span class='ocr_line' id='line_1_16' title="bbox 222 1763 1219 1844; baseline -0.001 -21"><span class='ocrx_word' id='word_1_130' title='bbox 222 1780 387 1843; x_wconf 86' lang='lat' dir='ltr'><strong>quamquam</strong></span> <span class='ocrx_word' id='word_1_131' title='bbox 398 1783 450 1844; x_wconf 92' lang='lat' dir='ltr'><strong>per</strong></span> <span class='ocrx_word' id='word_1_132' title='bbox 460 1765 553 1826; x_wconf 90' lang='lat' dir='ltr'><strong>solum</strong></span> <span class='ocrx_word' id='word_1_133' title='bbox 564 1763 687 1842; x_wconf 89' lang='lat' dir='ltr'><strong>planum,</strong></span> <span class='ocrx_word' id='word_1_134' title='bbox 701 1767 786 1824; x_wconf 91' lang='lat' dir='ltr'><strong>remis</strong></span> <span class='ocrx_word' id='word_1_135' title='bbox 798 1781 854 1824; x_wconf 94' lang='lat' dir='ltr'><strong>non</strong></span> <span class='ocrx_word' id='word_1_136' title='bbox 864 1764 1020 1840; x_wconf 88' lang='lat' dir='ltr'><strong>adiuvetur,</strong></span> <span class='ocrx_word' id='word_1_137' title='bbox 1033 1763 1108 1830; x_wconf 84' lang='lat' dir='ltr'><strong>idem</strong></span> <span class='ocrx_word' id='word_1_138' title='bbox 1118 1781 1219 1842; x_wconf 76' lang='lat' dir='ltr'><strong>aeger·</strong></span> 
     </span>
     <span class='ocr_line' id='line_1_17' title="bbox 195 1845 1219 1927; baseline 0.003 -22"><span class='ocrx_word' id='word_1_139' title='bbox 195 1849 290 1912; x_wconf 69' lang='lat' dir='ltr'><strong>trime</strong></span> <span class='ocrx_word' id='word_1_140' title='bbox 305 1849 390 1908; x_wconf 88' lang='lat' dir='ltr'><strong>remis</strong></span> <span class='ocrx_word' id='word_1_141' title='bbox 406 1850 554 1927; x_wconf 87' lang='lat' dir='ltr'><strong>contisque</strong></span> <span class='ocrx_word' id='word_1_142' title='bbox 570 1857 721 1926; x_wconf 87' lang='lat' dir='ltr'><strong>superetur</strong></span> <span class='ocrx_word' id='word_1_143' title='bbox 734 1846 880 1908; x_wconf 87' lang='lat' dir='ltr'><strong>adversus.</strong></span> <span class='ocrx_word' id='word_1_144' title='bbox 902 1845 1056 1907; x_wconf 88' lang='lat' dir='ltr'><strong>Iucundum</strong></span> <span class='ocrx_word' id='word_1_145' title='bbox 1070 1857 1219 1926; x_wconf 86' lang='lat' dir='ltr'><strong>utrumque</strong></span> 
     </span>
     <span class='ocr_line' id='line_1_18' title="bbox 222 1929 1219 2010; baseline 0.002 -22"><span class='ocrx_word' id='word_1_146' title='bbox 222 1946 276 2008; x_wconf 92' lang='lat' dir='ltr'><strong>per</strong></span> <span class='ocrx_word' id='word_1_147' title='bbox 291 1931 386 1990; x_wconf 85' lang='lat' dir='ltr'><strong>iocum</strong></span> <span class='ocrx_word' id='word_1_148' title='bbox 400 1929 552 2010; x_wconf 84' lang='lat' dir='ltr'><strong>ludumque</strong></span> <span class='ocrx_word' id='word_1_149' title='bbox 567 1931 749 2009; x_wconf 81' lang='lat' dir='ltr'><strong>fluitantibus,</strong></span> <span class='ocrx_word' id='word_1_150' title='bbox 767 1939 796 1989; x_wconf 92' lang='lat' dir='ltr'><strong>ut</strong></span> <span class='ocrx_word' id='word_1_151' title='bbox 808 1929 937 1990; x_wconf 85' lang='lat' dir='ltr'><strong>flexerint</strong></span> <span class='ocrx_word' id='word_1_152' title='bbox 952 1948 1076 2007; x_wconf 87' lang='lat' dir='ltr'><strong>cursum,</strong></span> <span class='ocrx_word' id='word_1_153' title='bbox 1092 1930 1219 1992; x_wconf 89' lang='lat' dir='ltr'><strong>laborem</strong></span> 
     </span>
    </p>

    <p class='ocr_par' dir='ltr' id='par_1_7' title="bbox 195 2013 1256 2427">
     <span class='ocr_line' id='line_1_19' title="bbox 223 2013 1256 2094; baseline 0.005 -22"><span class='ocrx_word' id='word_1_154' title='bbox 223 2013 292 2087; x_wconf 90' lang='lat' dir='ltr'><strong>otio,</strong></span> <span class='ocrx_word' id='word_1_155' title='bbox 309 2014 395 2072; x_wconf 92' lang='lat' dir='ltr'><strong>otium</strong></span> <span class='ocrx_word' id='word_1_156' title='bbox 408 2013 507 2074; x_wconf 90' lang='lat' dir='ltr'><strong>labore</strong></span> <span class='ocrx_word' id='word_1_157' title='bbox 522 2015 640 2074; x_wconf 86' lang='lat' dir='ltr'><strong>variare.</strong></span> <span class='ocrx_word' id='word_1_158' title='bbox 667 2013 758 2092; x_wconf 81' lang='lat' dir='ltr'><strong>Ripae</strong></span> <span class='ocrx_word' id='word_1_159' title='bbox 773 2014 881 2074; x_wconf 82' lang='lat' dir='ltr'><strong>fraxino</strong></span> <span class='ocrx_word' id='word_1_160' title='bbox 897 2013 994 2090; x_wconf 91' lang='lat' dir='ltr'><strong>multa,</strong></span> <span class='ocrx_word' id='word_1_161' title='bbox 1009 2013 1094 2074; x_wconf 89' lang='lat' dir='ltr'><strong>multa</strong></span> <span class='ocrx_word' id='word_1_162' title='bbox 1109 2013 1256 2094; x_wconf 83' lang='lat' dir='ltr'><strong>populato</strong></span> 
     </span>
     <span class='ocr_line' id='line_1_20' title="bbox 221 2095 1219 2176; baseline 0.006 -24"><span class='ocrx_word' id='word_1_163' title='bbox 221 2095 390 2171; x_wconf 86' lang='lat' dir='ltr'><strong>vestiantur,</strong></span> <span class='ocrx_word' id='word_1_164' title='bbox 408 2113 476 2174; x_wconf 87' lang='lat' dir='ltr'><strong>quas</strong></span> <span class='ocrx_word' id='word_1_165' title='bbox 493 2098 663 2176; x_wconf 89' lang='lat' dir='ltr'><strong>perspicuus</strong></span> <span class='ocrx_word' id='word_1_166' title='bbox 678 2099 766 2158; x_wconf 91' lang='lat' dir='ltr'><strong>amnis</strong></span> <span class='ocrx_word' id='word_1_167' title='bbox 781 2106 810 2156; x_wconf 92' lang='lat' dir='ltr'><strong>ut</strong></span> <span class='ocrx_word' id='word_1_168' title='bbox 824 2114 931 2158; x_wconf 87' lang='lat' dir='ltr'><strong>mersas</strong></span> <span class='ocrx_word' id='word_1_169' title='bbox 945 2096 1025 2157; x_wconf 87' lang='lat' dir='ltr'><strong>viridi</strong></span> <span class='ocrx_word' id='word_1_170' title='bbox 1036 2099 1158 2176; x_wconf 79' lang='lat' dir='ltr'><strong>imagine</strong></span> <span class='ocrx_word' id='word_1_171' title='bbox 1172 2098 1219 2158; x_wconf 89' lang='lat' dir='ltr'><strong>ad·</strong></span> 
     </span>
     <span class='ocr_line' id='line_1_21' title="bbox 220 2176 1218 2259; baseline 0.004 -23"><span class='ocrx_word' id='word_1_172' title='bbox 220 2186 357 2237; x_wconf 89' lang='lat' dir='ltr'><strong>numerat.</strong></span> <span class='ocrx_word' id='word_1_173' title='bbox 389 2176 480 2256; x_wconf 75' lang='lat' dir='ltr'><strong>Rigor</strong></span> <span class='ocrx_word' id='word_1_174' title='bbox 506 2197 596 2258; x_wconf 88' lang='lat' dir='ltr'><strong>aquae</strong></span> <span class='ocrx_word' id='word_1_175' title='bbox 626 2182 777 2241; x_wconf 84' lang='lat' dir='ltr'><strong>certaverit</strong></span> <span class='ocrx_word' id='word_1_176' title='bbox 796 2180 925 2259; x_wconf 86' lang='lat' dir='ltr'><strong>nivibus,</strong></span> <span class='ocrx_word' id='word_1_177' title='bbox 949 2199 1004 2242; x_wconf 90' lang='lat' dir='ltr'><strong>nec</strong></span> <span class='ocrx_word' id='word_1_178' title='bbox 1026 2182 1108 2242; x_wconf 90' lang='lat' dir='ltr'><strong>color</strong></span> <span class='ocrx_word' id='word_1_179' title='bbox 1132 2181 1218 2242; x_wconf 88' lang='lat' dir='ltr'><strong>cedit.</strong></span> 
     </span>
     <span class='ocr_line' id='line_1_22' title="bbox 195 2260 1219 2344; baseline 0.005 -24"><span class='ocrx_word' id='word_1_180' title='bbox 195 2260 341 2326; x_wconf 78' lang='lat' dir='ltr'><strong>sddiacet</strong></span> <span class='ocrx_word' id='word_1_181' title='bbox 354 2260 490 2340; x_wconf 87' lang='lat' dir='ltr'><strong>templum</strong></span> <span class='ocrx_word' id='word_1_182' title='bbox 508 2265 633 2341; x_wconf 86' lang='lat' dir='ltr'><strong>priscum</strong></span> <span class='ocrx_word' id='word_1_183' title='bbox 653 2274 683 2325; x_wconf 87' lang='lat' dir='ltr'><strong>et</strong></span> <span class='ocrx_word' id='word_1_184' title='bbox 702 2263 882 2341; x_wconf 80' lang='lat' dir='ltr'><strong>religiosum:</strong></span> <span class='ocrx_word' id='word_1_185' title='bbox 907 2273 961 2324; x_wconf 92' lang='lat' dir='ltr'><strong>stat</strong></span> <span class='ocrx_word' id='word_1_186' title='bbox 983 2261 1138 2326; x_wconf 79' lang='lat' dir='ltr'><strong>Clitumnus</strong></span> <span class='ocrx_word' id='word_1_187' title='bbox 1155 2267 1219 2344; x_wconf 88' lang='lat' dir='ltr'><strong>ipse</strong></span> 
     </span>
     <span class='ocr_line' id='line_1_23' title="bbox 221 2345 1218 2427; baseline 0.004 -23"><span class='ocrx_word' id='word_1_188' title='bbox 221 2345 339 2405; x_wconf 87' lang='lat' dir='ltr'><strong>amictus</strong></span> <span class='ocrx_word' id='word_1_189' title='bbox 360 2355 532 2426; x_wconf 88' lang='lat' dir='ltr'><strong>ornatusque</strong></span> <span class='ocrx_word' id='word_1_190' title='bbox 551 2356 715 2427; x_wconf 83' lang='lat' dir='ltr'><strong>praetexta:</strong></span> <span class='ocrx_word' id='word_1_191' title='bbox 743 2365 881 2426; x_wconf 87' lang='lat' dir='ltr'><strong>praesens</strong></span> <span class='ocrx_word' id='word_1_192' title='bbox 902 2365 1004 2407; x_wconf 88' lang='lat' dir='ltr'><strong>numen</strong></span> <span class='ocrx_word' id='word_1_193' title='bbox 1024 2347 1116 2427; x_wconf 82' lang='lat' dir='ltr'><strong>adque</strong></span> <span class='ocrx_word' id='word_1_194' title='bbox 1133 2351 1218 2409; x_wconf 87' lang='lat' dir='ltr'><strong>etiam</strong></span> 
     </span>
    </p>

    <p class='ocr_par' dir='ltr' id='par_1_8' title="bbox 195 2426 1256 2843">
     <span class='ocr_line' id='line_1_24' title="bbox 219 2426 1256 2510; baseline 0.009 -23"><span class='ocrx_word' id='word_1_195' title='bbox 219 2426 363 2489; x_wconf 83' lang='lat' dir='ltr'><strong>fatidicum</strong></span> <span class='ocrx_word' id='word_1_196' title='bbox 382 2429 505 2491; x_wconf 89' lang='lat' dir='ltr'><strong>indicant</strong></span> <span class='ocrx_word' id='word_1_197' title='bbox 526 2440 630 2492; x_wconf 85' lang='lat' dir='ltr'><strong>sortes.</strong></span> <span class='ocrx_word' id='word_1_198' title='bbox 659 2431 764 2509; x_wconf 87' lang='lat' dir='ltr'><strong>Sparsa</strong></span> <span class='ocrx_word' id='word_1_199' title='bbox 781 2440 845 2491; x_wconf 85' lang='lat' dir='ltr'><strong>sunt</strong></span> <span class='ocrx_word' id='word_1_200' title='bbox 860 2431 936 2494; x_wconf 86' lang='lat' dir='ltr'><strong>circa</strong></span> <span class='ocrx_word' id='word_1_201' title='bbox 952 2430 1058 2492; x_wconf 87' lang='lat' dir='ltr'><strong>sacella</strong></span> <span class='ocrx_word' id='word_1_202' title='bbox 1073 2432 1256 2510; x_wconf 69' lang='lat' dir='ltr'><strong>complorati</strong></span> 
     </span>
     <span class='ocr_line' id='line_1_25' title="bbox 219 2510 1219 2594; baseline 0.007 -24"><span class='ocrx_word' id='word_1_203' title='bbox 219 2510 394 2593; x_wconf 85' lang='lat' dir='ltr'><strong>totidemque</strong></span> <span class='ocrx_word' id='word_1_204' title='bbox 409 2512 457 2572; x_wconf 90' lang='lat' dir='ltr'><strong>dii.</strong></span> <span class='ocrx_word' id='word_1_205' title='bbox 489 2513 546 2574; x_wconf 89' lang='lat' dir='ltr'><strong>Sua</strong></span> <span class='ocrx_word' id='word_1_206' title='bbox 564 2515 666 2591; x_wconf 86' lang='lat' dir='ltr'><strong>cuique</strong></span> <span class='ocrx_word' id='word_1_207' title='bbox 679 2516 841 2590; x_wconf 88' lang='lat' dir='ltr'><strong>veneratio,</strong></span> <span class='ocrx_word' id='word_1_208' title='bbox 867 2532 948 2574; x_wconf 88' lang='lat' dir='ltr'><strong>snum</strong></span> <span class='ocrx_word' id='word_1_209' title='bbox 961 2531 1079 2592; x_wconf 89' lang='lat' dir='ltr'><strong>nomen,</strong></span> <span class='ocrx_word' id='word_1_210' title='bbox 1103 2516 1219 2594; x_wconf 78' lang='lat' dir='ltr'><strong>quibm·</strong></span> 
     </span>
     <span class='ocr_line' id='line_1_26' title="bbox 220 2595 1219 2677; baseline 0.006 -23"><span class='ocrx_word' id='word_1_211' title='bbox 220 2595 283 2654; x_wconf 92' lang='lat' dir='ltr'><strong>dam</strong></span> <span class='ocrx_word' id='word_1_212' title='bbox 296 2613 366 2656; x_wconf 84' lang='lat' dir='ltr'><strong>vero</strong></span> <span class='ocrx_word' id='word_1_213' title='bbox 383 2599 466 2658; x_wconf 91' lang='lat' dir='ltr'><strong>etiarn</strong></span> <span class='ocrx_word' id='word_1_214' title='bbox 480 2597 584 2658; x_wconf 90' lang='lat' dir='ltr'><strong>lontes.</strong></span> <span class='ocrx_word' id='word_1_215' title='bbox 612 2595 682 2656; x_wconf 88' lang='lat' dir='ltr'><strong>Nam</strong></span> <span class='ocrx_word' id='word_1_216' title='bbox 693 2606 808 2675; x_wconf 88' lang='lat' dir='ltr'><strong>praeter</strong></span> <span class='ocrx_word' id='word_1_217' title='bbox 819 2597 899 2658; x_wconf 90' lang='lat' dir='ltr'><strong>illum</strong></span> <span class='ocrx_word' id='word_1_218' title='bbox 913 2599 992 2676; x_wconf 88' lang='lat' dir='ltr'><strong>quasi</strong></span> <span class='ocrx_word' id='word_1_219' title='bbox 1005 2608 1153 2677; x_wconf 90' lang='lat' dir='ltr'><strong>parentem</strong></span> <span class='ocrx_word' id='word_1_220' title='bbox 1172 2617 1219 2660; x_wconf 92' lang='lat' dir='ltr'><strong>ce-</strong></span> 
     </span>
     <span class='ocr_line' id='line_1_27' title="bbox 220 2680 1217 2759; baseline 0.004 -23"><span class='ocrx_word' id='word_1_221' title='bbox 220 2686 346 2738; x_wconf 87' lang='lat' dir='ltr'><strong>terorum</strong></span> <span class='ocrx_word' id='word_1_222' title='bbox 366 2690 431 2740; x_wconf 91' lang='lat' dir='ltr'><strong>sunt</strong></span> <span class='ocrx_word' id='word_1_223' title='bbox 452 2682 576 2741; x_wconf 87' lang='lat' dir='ltr'><strong>minores</strong></span> <span class='ocrx_word' id='word_1_224' title='bbox 596 2682 690 2759; x_wconf 90' lang='lat' dir='ltr'><strong>capite</strong></span> <span class='ocrx_word' id='word_1_225' title='bbox 705 2680 834 2749; x_wconf 85' lang='lat' dir='ltr'><strong>discreti;</strong></span> <span class='ocrx_word' id='word_1_226' title='bbox 860 2681 912 2740; x_wconf 89' lang='lat' dir='ltr'><strong>sed</strong></span> <span class='ocrx_word' id='word_1_227' title='bbox 933 2681 1037 2740; x_wconf 88' lang='lat' dir='ltr'><strong>flumini</strong></span> <span class='ocrx_word' id='word_1_228' title='bbox 1053 2683 1217 2758; x_wconf 84' lang='lat' dir='ltr'><strong>miscentur,</strong></span> 
     </span>
     <span class='ocr_line' id='line_1_28' title="bbox 195 2760 1219 2843; baseline 0.002 -21"><span class='ocrx_word' id='word_1_229' title='bbox 195 2760 299 2837; x_wconf 83' lang='lat' dir='ltr'><strong>(tquod</strong></span> <span class='ocrx_word' id='word_1_230' title='bbox 312 2771 399 2839; x_wconf 91' lang='lat' dir='ltr'><strong>ponte</strong></span> <span class='ocrx_word' id='word_1_231' title='bbox 413 2765 613 2824; x_wconf 77' lang='lat' dir='ltr'><strong>bansmittitur.</strong></span> <span class='ocrx_word' id='word_1_232' title='bbox 642 2762 670 2823; x_wconf 92' lang='lat' dir='ltr'><strong>ls</strong></span> <span class='ocrx_word' id='word_1_233' title='bbox 685 2765 821 2824; x_wconf 89' lang='lat' dir='ltr'><strong>terminus</strong></span> <span class='ocrx_word' id='word_1_234' title='bbox 837 2765 910 2824; x_wconf 89' lang='lat' dir='ltr'><strong>sacri</strong></span> <span class='ocrx_word' id='word_1_235' title='bbox 924 2763 1099 2843; x_wconf 84' lang='lat' dir='ltr'><strong>profanique.</strong></span> <span class='ocrx_word' id='word_1_236' title='bbox 1126 2763 1159 2825; x_wconf 88' lang='lat' dir='ltr'><strong>ln</strong></span> <span class='ocrx_word' id='word_1_237' title='bbox 1174 2784 1219 2826; x_wconf 91' lang='lat' dir='ltr'><strong>su·</strong></span> 
     </span>
    </p>

    <p class='ocr_par' dir='ltr' id='par_1_9' title="bbox 108 2845 1258 3175">
     <span class='ocr_line' id='line_1_29' title="bbox 221 2845 1258 2923; baseline 0.007 -21"><span class='ocrx_word' id='word_1_238' title='bbox 221 2845 335 2920; x_wconf 85' lang='lat' dir='ltr'><strong>periore</strong></span> <span class='ocrx_word' id='word_1_239' title='bbox 349 2854 430 2922; x_wconf 90' lang='lat' dir='ltr'><strong>parte</strong></span> <span class='ocrx_word' id='word_1_240' title='bbox 447 2848 580 2923; x_wconf 83' lang='lat' dir='ltr'><strong>navigare</strong></span> <span class='ocrx_word' id='word_1_241' title='bbox 594 2855 714 2922; x_wconf 87' lang='lat' dir='ltr'><strong>tantum,</strong></span> <span class='ocrx_word' id='word_1_242' title='bbox 735 2845 806 2906; x_wconf 87' lang='lat' dir='ltr'><strong>inira</strong></span> <span class='ocrx_word' id='word_1_243' title='bbox 825 2849 909 2907; x_wconf 86' lang='lat' dir='ltr'><strong>etiam</strong></span> <span class='ocrx_word' id='word_1_244' title='bbox 922 2856 1020 2908; x_wconf 88' lang='lat' dir='ltr'><strong>natare</strong></span> <span class='ocrx_word' id='word_1_245' title='bbox 1037 2863 1258 2916; x_wconf 66' lang='lat' dir='ltr'><strong>concessumst)</strong></span> 
     </span>
     <span class='ocr_line' id='line_1_30' title="bbox 220 2923 1217 3008; baseline 0.008 -24"><span class='ocrx_word' id='word_1_246' title='bbox 220 2923 366 2986; x_wconf 88' lang='lat' dir='ltr'><strong>Balineum</strong></span> <span class='ocrx_word' id='word_1_247' title='bbox 380 2926 567 3008; x_wconf 86' lang='lat' dir='ltr'><strong>Hispellates,</strong></span> <span class='ocrx_word' id='word_1_248' title='bbox 580 2931 681 3007; x_wconf 91' lang='lat' dir='ltr'><strong>quibus</strong></span> <span class='ocrx_word' id='word_1_249' title='bbox 695 2929 774 2989; x_wconf 91' lang='lat' dir='ltr'><strong>illum</strong></span> <span class='ocrx_word' id='word_1_250' title='bbox 787 2929 882 2990; x_wconf 92' lang='lat' dir='ltr'><strong>locum</strong></span> <span class='ocrx_word' id='word_1_251' title='bbox 893 2929 973 2990; x_wconf 82' lang='lat' dir='ltr'><strong>divus</strong></span> <span class='ocrx_word' id='word_1_252' title='bbox 984 2930 1130 3008; x_wconf 78' lang='lat' dir='ltr'><strong>Angustus</strong></span> <span class='ocrx_word' id='word_1_253' title='bbox 1141 2931 1217 2992; x_wconf 92' lang='lat' dir='ltr'><strong>dono</strong></span> 
     </span>
     <span class='ocr_line' id='line_1_31' title="bbox 108 3005 1219 3092; baseline 0.006 -25"><span class='ocrx_word' id='word_1_254' title='bbox 108 3005 152 3082; x_wconf 44' lang='lat' dir='ltr'><strong>sl·</strong></span> <span class='ocrx_word' id='word_1_255' title='bbox 220 3007 308 3087; x_wconf 87' lang='lat' dir='ltr'><strong>dedit,</strong></span> <span class='ocrx_word' id='word_1_256' title='bbox 324 3009 439 3088; x_wconf 88' lang='lat' dir='ltr'><strong>publice</strong></span> <span class='ocrx_word' id='word_1_257' title='bbox 456 3011 610 3090; x_wconf 87' lang='lat' dir='ltr'><strong>praebent,</strong></span> <span class='ocrx_word' id='word_1_258' title='bbox 633 3013 769 3090; x_wconf 89' lang='lat' dir='ltr'><strong>praebent</strong></span> <span class='ocrx_word' id='word_1_259' title='bbox 787 3013 950 3092; x_wconf 88' lang='lat' dir='ltr'><strong>hospitium.</strong></span> <span class='ocrx_word' id='word_1_260' title='bbox 971 3012 1035 3074; x_wconf 89' lang='lat' dir='ltr'><strong>Nec</strong></span> <span class='ocrx_word' id='word_1_261' title='bbox 1052 3014 1153 3075; x_wconf 85' lang='lat' dir='ltr'><strong>desunt</strong></span> <span class='ocrx_word' id='word_1_262' title='bbox 1167 3015 1219 3074; x_wconf 83' lang='lat' dir='ltr'><strong>ril-</strong></span> 
     </span>
     <span class='ocr_line' id='line_1_32' title="bbox 193 3071 1219 3175; baseline 0.002 -19"><span class='ocrx_word' id='word_1_263' title='bbox 193 3088 281 3171; x_wconf 79' lang='lat' dir='ltr'><strong>ilae,</strong></span> <span class='ocrx_word' id='word_1_264' title='bbox 306 3111 378 3173; x_wconf 85' lang='lat' dir='ltr'><strong>quae</strong></span> <span class='ocrx_word' id='word_1_265' title='bbox 396 3104 514 3156; x_wconf 85' lang='lat' dir='ltr'><strong>secutae</strong></span> <span class='ocrx_word' id='word_1_266' title='bbox 535 3096 655 3158; x_wconf 84' lang='lat' dir='ltr'><strong>dominis</strong></span> <span class='ocrx_word' id='word_1_267' title='bbox 676 3071 874 3158; x_wconf 75' lang='lat' dir='ltr'><strong>amoenitatem</strong></span> <span class='ocrx_word' id='word_1_268' title='bbox 888 3099 1005 3175; x_wconf 78' lang='lat' dir='ltr'><strong>margini</strong></span> <span class='ocrx_word' id='word_1_269' title='bbox 1019 3099 1158 3160; x_wconf 88' lang='lat' dir='ltr'><strong>insistunt.</strong></span> <span class='ocrx_word' id='word_1_270' title='bbox 1186 3097 1219 3158; x_wconf 91' lang='lat' dir='ltr'><strong>ln</strong></span> 
     </span>
    </p>
   </div>
   <div class='ocr_carea' id='block_1_5' title="bbox 1227 776 1241 826">
    <p class='ocr_par' dir='ltr' id='par_1_10' title="bbox 1227 776 1241 826">
     <span class='ocr_line' id='line_1_33' title="bbox 1227 776 1241 826; baseline 0 0"><span class='ocrx_word' id='word_1_271' title='bbox 1227 776 1241 826; x_wconf 81' lang='lat'>5</span> 
     </span>
    </p>
   </div>
   <div class='ocr_carea' id='block_1_6' title="bbox 218 3176 1259 3585">
    <p class='ocr_par' dir='ltr' id='par_1_11' title="bbox 218 3176 1259 3585">
     <span class='ocr_line' id='line_1_34' title="bbox 219 3176 1219 3262; baseline 0.004 -25"><span class='ocrx_word' id='word_1_272' title='bbox 219 3194 343 3262; x_wconf 83' lang='lat' dir='ltr'><strong>summa,</strong></span> <span class='ocrx_word' id='word_1_273' title='bbox 364 3176 433 3238; x_wconf 92' lang='lat' dir='ltr'><strong>nibil</strong></span> <span class='ocrx_word' id='word_1_274' title='bbox 449 3180 503 3239; x_wconf 86' lang='lat' dir='ltr'><strong>erit</strong></span> <span class='ocrx_word' id='word_1_275' title='bbox 522 3197 559 3240; x_wconf 87' lang='lat' dir='ltr'><strong>ex</strong></span> <span class='ocrx_word' id='word_1_276' title='bbox 574 3197 630 3258; x_wconf 89' lang='lat' dir='ltr'><strong>quo</strong></span> <span class='ocrx_word' id='word_1_277' title='bbox 650 3196 707 3238; x_wconf 93' lang='lat' dir='ltr'><strong>non</strong></span> <span class='ocrx_word' id='word_1_278' title='bbox 722 3180 818 3258; x_wconf 88' lang='lat' dir='ltr'><strong>capias</strong></span> <span class='ocrx_word' id='word_1_279' title='bbox 832 3180 1016 3259; x_wconf 85' lang='lat' dir='ltr'><strong>voluptatem.</strong></span> <span class='ocrx_word' id='word_1_280' title='bbox 1036 3179 1107 3241; x_wconf 88' lang='lat' dir='ltr'><strong>Nam</strong></span> <span class='ocrx_word' id='word_1_281' title='bbox 1122 3181 1219 3244; x_wconf 88' lang='lat' dir='ltr'><strong>stude·</strong></span> 
     </span>
     <span class='ocr_line' id='line_1_35' title="bbox 219 3260 1259 3341; baseline 0.009 -22"><span class='ocrx_word' id='word_1_282' title='bbox 219 3260 263 3320; x_wconf 90' lang='lat' dir='ltr'><strong>bis</strong></span> <span class='ocrx_word' id='word_1_283' title='bbox 279 3279 407 3341; x_wconf 86' lang='lat' dir='ltr'><strong>qnoque;</strong></span> <span class='ocrx_word' id='word_1_284' title='bbox 422 3260 506 3340; x_wconf 74' lang='lat' dir='ltr'><strong>leges</strong></span> <span class='ocrx_word' id='word_1_285' title='bbox 520 3263 605 3323; x_wconf 90' lang='lat' dir='ltr'><strong>multa</strong></span> <span class='ocrx_word' id='word_1_286' title='bbox 619 3261 768 3323; x_wconf 87' lang='lat' dir='ltr'><strong>multorum</strong></span> <span class='ocrx_word' id='word_1_287' title='bbox 783 3263 910 3326; x_wconf 92' lang='lat' dir='ltr'><strong>omnibus</strong></span> <span class='ocrx_word' id='word_1_288' title='bbox 924 3262 1073 3334; x_wconf 78' lang='lat' dir='ltr'><strong>columnis.</strong></span> <span class='ocrx_word' id='word_1_289' title='bbox 1090 3265 1259 3328; x_wconf 79' lang='lat' dir='ltr'><strong>omnitusas</strong></span> 
     </span>
     <span class='ocr_line' id='line_1_36' title="bbox 218 3345 1220 3427; baseline 0.004 -23"><span class='ocrx_word' id='word_1_290' title='bbox 218 3345 374 3421; x_wconf 88' lang='lat' dir='ltr'><strong>parietibus</strong></span> <span class='ocrx_word' id='word_1_291' title='bbox 388 3346 534 3424; x_wconf 91' lang='lat' dir='ltr'><strong>inscripta,</strong></span> <span class='ocrx_word' id='word_1_292' title='bbox 551 3347 653 3425; x_wconf 86' lang='lat' dir='ltr'><strong>quibus</strong></span> <span class='ocrx_word' id='word_1_293' title='bbox 668 3346 732 3406; x_wconf 87' lang='lat' dir='ltr'><strong>lons</strong></span> <span class='ocrx_word' id='word_1_294' title='bbox 743 3345 793 3406; x_wconf 90' lang='lat' dir='ltr'><strong>ille</strong></span> <span class='ocrx_word' id='word_1_295' title='bbox 805 3346 932 3427; x_wconf 84' lang='lat' dir='ltr'><strong>deusque</strong></span> <span class='ocrx_word' id='word_1_296' title='bbox 945 3346 1115 3408; x_wconf 87' lang='lat' dir='ltr'><strong>celebratur.</strong></span> <span class='ocrx_word' id='word_1_297' title='bbox 1136 3346 1220 3409; x_wconf 87' lang='lat' dir='ltr'><strong>Plura</strong></span> 
     </span>
     <span class='ocr_line' id='line_1_37' title="bbox 218 3425 1219 3511; baseline 0.008 -26"><span class='ocrx_word' id='word_1_298' title='bbox 218 3425 357 3506; x_wconf 90' lang='lat' dir='ltr'><strong>laudabis,</strong></span> <span class='ocrx_word' id='word_1_299' title='bbox 372 3429 506 3489; x_wconf 89' lang='lat' dir='ltr'><strong>nonnulla</strong></span> <span class='ocrx_word' id='word_1_300' title='bbox 522 3429 644 3497; x_wconf 90' lang='lat' dir='ltr'><strong>ridebis;</strong></span> <span class='ocrx_word' id='word_1_301' title='bbox 660 3447 826 3507; x_wconf 87' lang='lat' dir='ltr'><strong>quamquam</strong></span> <span class='ocrx_word' id='word_1_302' title='bbox 836 3439 866 3490; x_wconf 92' lang='lat' dir='ltr'><strong>tu</strong></span> <span class='ocrx_word' id='word_1_303' title='bbox 879 3447 961 3508; x_wconf 85' lang='lat' dir='ltr'><strong>vero,</strong></span> <span class='ocrx_word' id='word_1_304' title='bbox 978 3448 1050 3511; x_wconf 88' lang='lat' dir='ltr'><strong>quae</strong></span> <span class='ocrx_word' id='word_1_305' title='bbox 1062 3440 1108 3492; x_wconf 92' lang='lat' dir='ltr'><strong>tua</strong></span> <span class='ocrx_word' id='word_1_306' title='bbox 1123 3432 1219 3492; x_wconf 87' lang='lat' dir='ltr'><strong>boma·</strong></span> 
     </span>
     <span class='ocr_line' id='line_1_38' title="bbox 218 3509 634 3585; baseline 0.01 -19"><span class='ocrx_word' id='word_1_307' title='bbox 218 3511 307 3585; x_wconf 91' lang='lat' dir='ltr'><strong>nitas,</strong></span> <span class='ocrx_word' id='word_1_308' title='bbox 322 3509 399 3570; x_wconf 91' lang='lat' dir='ltr'><strong>nulla</strong></span> <span class='ocrx_word' id='word_1_309' title='bbox 414 3510 530 3572; x_wconf 90' lang='lat' dir='ltr'><strong>ridebis.</strong></span> <span class='ocrx_word' id='word_1_310' title='bbox 552 3510 634 3571; x_wconf 88' lang='lat' dir='ltr'><strong>Vale.</strong></span> 
     </span>
    </p>
   </div>
   <div class='ocr_carea' id='block_1_7' title="bbox 0 0 1312 4096">
    <p class='ocr_par' dir='ltr' id='par_1_12' title="bbox 0 0 1312 4096">
     <span class='ocr_line' id='line_1_39' title="bbox 0 0 1312 4096; baseline 0 0"><span class='ocrx_word' id='word_1_311' title='bbox 0 0 1312 4096; x_wconf 95' lang='lat' dir='ltr'><strong> </strong></span> 
     </span>
    </p>
   </div>
  </div>
 </body>
</html>
