2614 4104
242 251 306 314 260
675 248 709 311 (l.
729 247 827 312 Plle

244 403 365 480 ceteris,
380 401 437 464 nisi
451 401 521 464 illud
535 402 685 480 litigatoris
701 399 883 481 amplitudine
894 401 1028 464 metiaris.
1057 401 1128 462 Sors
1142 408 1174 460 et
1186 419 1257 461 urna

244 488 315 548 fisco
337 485 461 546 iudicem
479 486 623 564 adsignat:
648 485 718 547 licet
738 487 868 562 reicere,
894 484 965 546 licet
985 484 1150 546 exclamare
1166 484 1256 545 ‘bunc

242 569 327 648 nolo,
347 568 461 631 timidus
475 579 521 631 est
536 579 565 632 et
580 571 654 630 bona
664 567 772 631 saeculi
784 585 883 648 parum
899 568 1056 646 intellegit:
1079 567 1162 628 illum
1171 567 1255 646 volo,

242 657 308 734 quia
324 651 475 714 Gaesarem
490 653 603 714 fortiter
617 657 713 715 amat'.
739 651 851 714 Eodem
866 653 930 712 loro
945 661 1058 712 utuntur
1072 654 1255 732 principatus

242 747 272 798 et
292 737 420 798 libertos.
457 736 537 811 Quae
551 739 706 816 praecipua
725 746 772 798 tua
791 735 883 814 gloria
902 744 963 814 est,
989 739 1106 815 saepius
1129 737 1277 797 vinoitmt

243 823 344 889 fiscus:
360 822 440 882 cuius
455 821 527 881 mala
544 839 630 882 causa
644 838 792 899 numquam
804 828 860 897 est,
877 822 932 880 nisi
947 820 1002 880 sub
1017 821 1093 880 bono
1105 822 1254 900 principe.

243 905 347 982 Ingens
361 903 418 964 boe
431 905 576 965 meritum:
592 906 681 966 maius
692 903 780 983 illud,
797 903 874 982 quod
883 921 936 964 eos
946 913 1152 983 procuratores
1163 903 1256 966 babes

243 995 273 1047 ut
294 986 464 1067 plerumque
487 990 567 1049 cives
587 990 628 1050 tui
643 1005 700 1049 non
714 986 787 1048 alios
801 987 912 1048 iudices
925 987 1030 1049 malint.
1057 987 1197 1048 Liberum
1211 998 1256 1048 est

242 1080 336 1132 autem
348 1070 516 1133 discriminis
528 1070 608 1132 ‘nolo
620 1089 684 1132 eum
695 1071 829 1150 eligere’.
846 1070 950 1150 Neque
964 1073 1039 1132 enim
1050 1071 1138 1132 ullam
1149 1090 1256 1133 neces·

244 1158 354 1216 sitatem
368 1156 530 1218 muneribus
546 1157 601 1218 tuis
616 1155 711 1234 addis,
727 1164 757 1216 ut
775 1157 824 1235 qui
838 1157 914 1216 scias
929 1155 1290 1223 bancessebenelicio·1c

244 1257 306 1301 rum
320 1239 516 1320 principalium
529 1257 680 1318 summam,
695 1241 720 1300 si
735 1239 792 1300 illis
808 1248 838 1300 et
852 1255 908 1299 non
923 1240 963 1300 uti
979 1238 1057 1300 licet.

192 1320 233 1386 37
308 1321 402 1384 Onera
422 1326 532 1403 imperii
550 1323 687 1404 pleraque
708 1322 861 1402 vectigalia
880 1323 988 1384 institui
1008 1333 1039 1384 ut
1059 1341 1113 1402 pro
1132 1324 1255 1384 utilitate

244 1409 384 1468 communi
397 1408 435 1468 ita
445 1407 620 1486 singulorum
630 1409 737 1470 iniuriis
750 1413 918 1486 coegerunt.
938 1405 988 1468 ldis
1000 1407 1140 1468 vicesima
1154 1425 1255 1488 reper-

242 1500 270 1550 ta
286 1498 348 1567 est,
369 1489 503 1551 tributum
518 1489 668 1552 tolerabile
685 1501 714 1552 et
729 1490 815 1551 lacile
829 1487 985 1551 heredibus
999 1489 1146 1552 dumtaxat
1162 1500 1253 1552 extra·

242 1576 321 1650 neis,
338 1572 503 1634 domesticis
518 1593 615 1653 grave.
652 1575 752 1655 ltaque
767 1575 824 1636 illis
840 1577 1000 1652 inrogatum
1015 1584 1078 1652 est,
1093 1574 1142 1636 bis
1154 1578 1289 1638 remis-15

243 1677 317 1728 sum;
331 1657 483 1736 videlicet,
499 1658 577 1738 quod
591 1658 771 1720 manifestum
786 1667 846 1719 erat
860 1668 964 1737 quanto
977 1658 1156 1720 cumdolore
1171 1659 1252 1719 laturi

242 1761 296 1804 seu
310 1743 406 1822 potius
419 1759 476 1803 non
490 1743 573 1804 laturi
586 1744 716 1804 bomines
732 1752 831 1804 essent
842 1740 981 1820 destringi
992 1742 1101 1822 aliquid
1113 1753 1145 1804 et
1157 1742 1252 1803 abradi

242 1827 325 1888 bonis
343 1844 416 1906 quae
431 1828 585 1906 sanguine,
607 1826 782 1905 gentilitate,
806 1842 952 1888 sacrorum
968 1825 1090 1905 denique
1109 1829 1251 1888 societate
1296 1853 1297 1910 v

241 1911 429 1986 meruissent,
457 1929 588 1991 quaeque
601 1929 753 1988 numquam
766 1919 797 1969 ut
816 1909 907 1970 aliena
923 1919 953 1969 et
967 1908 1126 1989 speranda,
1155 1909 1209 1970 sed
1223 1919 1252 1969 nt
1296 1917 1297 1950 i

184 2009 187 2017 ’
242 2011 294 2053 sua
313 2011 487 2072 semperque
508 2011 646 2074 possessa
667 2013 701 2056 ac
721 1993 859 2072 deinceps
879 1994 1011 2071 proximo
1034 1995 1142 2071 cuique
1164 2001 1285 2054 unns-ro

241 2075 375 2136 mittenda
397 2078 552 2154 cepissent.
588 2077 667 2140 llaec
686 2077 872 2139 mansuetudo
886 2077 961 2154 legis
976 2077 1124 2138 veteribus
1141 2077 1251 2137 civibus

241 2159 509 2240 servabaturznovi,
519 2179 572 2222 seu
583 2178 636 2238 per
645 2159 753 2221 Latium
764 2163 792 2221 in
803 2162 946 2222 civitatem
956 2178 1010 2221 seu
1020 2160 1166 2222 beneficio
1177 2163 1252 2240 prin·

243 2245 317 2321 cipis
327 2245 492 2322 venissent,
512 2247 567 2306 nisi
582 2244 665 2306 simul
681 2245 858 2323 cognationis
873 2246 932 2305 iura
948 2245 1160 2322 inpetrassent,
1185 2245 1251 2305 alie·
1295 2303 1296 2322 ,

241 2329 350 2390 nissimi
363 2328 537 2390 habebantur
552 2330 654 2409 quibus
670 2330 892 2390 coniunctissimi
906 2327 1026 2390 fuerant.
1049 2325 1092 2390 lta
1103 2331 1251 2389 maximum
1295 2325 1296 2399 l

241 2413 412 2474 beneficium
424 2413 590 2474 vertebatur
603 2415 631 2472 in
646 2415 841 2490 gravissimam
855 2413 999 2490 iniuriam,
1015 2414 1179 2491 civitasque
1196 2407 1283 2471 tto-2⁵

241 2515 321 2557 mana
335 2498 423 2558 instar
437 2504 498 2558 erat
511 2496 570 2557 odii
585 2505 615 2557 et
630 2495 789 2557 discordiae
803 2505 832 2557 et
853 2495 1002 2574 orbitatis,
1024 2513 1090 2556 oum
1106 2498 1250 2556 carissima

241 2583 362 2660 pignora
378 2579 457 2642 salva
470 2583 598 2660 ipsorum
611 2581 718 2658 pietate
729 2580 912 2640 distraheret.
926 2578 1150 2642 Inveniebantur
1159 2591 1250 2642 tamen

242 2665 345 2743 quibus
364 2673 458 2726 tantus
478 2682 557 2726 amor
575 2664 695 2725 nominis
712 2665 802 2725 nostri
816 2665 925 2726 inesset
939 2673 969 2724 ut
983 2663 1139 2724 Romanam
1154 2665 1251 2726 civita·
1294 2689 1295 2716 r

242 2756 299 2808 tem
315 2765 371 2809 non
385 2750 540 2810 vicesimae
558 2748 643 2808 modo
658 2766 758 2808 verum
773 2749 856 2808 etiam
871 2746 1044 2808 adfinitatum
1058 2746 1161 2810 damna
1176 2747 1250 2810 bene
1294 2717 1295 2785 l

242 2834 411 2909 conpensari
425 2841 569 2909 putarent;
597 2830 649 2892 sed
668 2833 703 2891 iis
722 2833 841 2892 maxime
861 2831 985 2892 debebat
998 2833 1121 2909 gratuita
1144 2833 1284 2893 contin-at

241 2931 313 2991 gere
326 2931 342 2973 a
353 2914 457 2993 quibus
468 2925 524 2976 tam
540 2933 641 2993 magno
655 2916 862 2977 aestimabatur.
885 2915 976 2993 lgitur
987 2924 1070 2994 pater
1083 2924 1152 2976 tuns
1163 2917 1253 2976 sanxi

240 3008 272 3060 nt
287 2996 364 3077 quod
379 3016 416 3058 ex
432 3000 527 3060 matris
543 2998 579 3060 ad
592 2999 716 3076 liberos,
740 3017 777 3060 ex
797 2998 954 3060 liberorum
968 2998 1052 3060 bonis
1067 2999 1252 3077 pervenisset
1293 3051 1294 3068 ,

240 3081 276 3144 ad
291 3091 425 3160 matrem,
444 3083 554 3144 etiamsi
569 3085 769 3161 cognationum
782 3085 843 3144 iura
853 3101 909 3144 non
920 3085 1119 3163 recepissent,
1138 3101 1205 3144 cum
1215 3085 1252 3142 oi·

241 3168 356 3227 vitatem
369 3165 609 3246 adipiscerentur,
626 3169 687 3228 eius
704 3167 868 3227 vicesimam
881 3184 917 3228 ne
933 3165 1039 3227 darent.
1065 3165 1199 3228 Eandem
1213 3169 1252 3226 in-

242 3253 404 3312 munitatem
418 3252 446 3311 in
461 3251 590 3329 paternis
603 3251 690 3324 bouis
703 3250 761 3312 iilic
776 3251 888 3328 tribuit,
909 3248 1035 3312 simodo
1051 3249 1192 3321 reductus
1209 3257 1279 3310 esu

243 3344 289 3394 set
304 3335 331 3394 in
346 3337 433 3414 patris
450 3343 638 3413 potestatem,
658 3344 736 3396 ratus
751 3335 873 3414 inprobe
888 3343 918 3395 et
933 3333 1092 3396 insolenter
1107 3351 1144 3394 ac
1160 3352 1251 3413 paene

242 3417 318 3496 inpie
339 3417 384 3479 bis
402 3419 561 3480 nominibus
577 3418 665 3479 inseri
680 3416 877 3496 publicanum,
900 3435 956 3478 nec
970 3419 1033 3478 sine
1049 3416 1166 3495 piaculo
1183 3435 1250 3497 quo·

244 3499 306 3558 dam
330 3501 522 3562 sanctissimas
548 3501 775 3564 necessitudines
797 3501 876 3561 velut
896 3500 1092 3562 intercedente
1112 3501 1250 3562 vicesima
1292 3499 1293 3557 l
