2614 4104
218 299 282 364 aaa
644 297 679 359 c.
693 296 791 360 rnna
1288 298 1289 386 p

219 453 373 530 indignum,
388 451 414 514 si
423 460 524 530 posset
534 449 659 512 bonores
670 450 737 510 dare
750 452 797 529 qni
807 468 914 528 gerere
924 467 982 511 non
994 459 1106 528 posset.
1122 446 1232 510 Faetu-
1288 425 1289 472 ¹

219 556 268 598 rus
282 534 417 596 consules
429 535 549 611 doceat,
564 535 784 612 accepturisque
796 534 998 612 amplissimum
1008 533 1149 595 bonorem
1160 549 1233 610 per·

220 620 337 684 suadeat
350 620 425 679 scire
442 637 475 680 se
493 618 560 697 quid
574 617 612 678 sit
627 618 703 696 quod
719 617 810 678 dabit:
831 620 874 678 sic
891 619 921 678 lit
936 627 967 677 ut
982 617 1021 677 illi
1039 634 1156 695 quoque
1170 617 1232 676 sci·
1289 649 1290 688 q

220 702 532 783 autquidauceperint.
1289 705 1290 712 ¹

170 789 210 854 78
282 787 348 860 Quo
368 787 469 846 iustius
489 795 604 846 senatus
621 795 651 846 ut
674 788 842 864 susciperes
857 793 986 864 quartum
1001 784 1179 844 consulatum
1199 793 1259 845 eto

221 872 333 950 rogavit
353 878 381 929 et
403 870 495 930 iussit
530 868 644 947 Imperii
661 869 718 930 boc
737 871 874 946 verbum,
901 886 958 929 uon
973 866 1143 929 adulationis
1156 885 1231 928 esse

222 955 362 1033 obsequio
377 960 426 1012 tuo
441 951 546 1029 crede,
561 952 639 1030 quod
648 969 704 1012 uou
718 952 772 1012 alia
783 955 811 1012 in
824 970 856 1012 re
870 952 961 1030 magis
971 961 1019 1012 aut
1032 959 1148 1012 senatus
1163 952 1231 1012 exi·
1290 996 1291 1019 ,

221 1055 292 1117 gere
313 1056 329 1097 a
352 1045 381 1096 te
395 1045 442 1096 aut
455 1045 486 1095 tn
500 1045 646 1114 praestare
662 1039 772 1097 senatui
786 1036 888 1096 debes.
914 1034 953 1095 Ut
970 1037 1045 1095 enim
1060 1043 1229 1096 ceterorum
1290 1033 1291 1062 ³

221 1122 363 1182 bominum
374 1121 412 1181 ita
426 1121 595 1198 principum,
610 1118 723 1180 illorum
737 1121 822 1180 etiam
837 1121 884 1199 qui
899 1118 936 1178 dii
952 1120 1007 1179 sibi
1018 1118 1161 1195 ridentur,
1179 1136 1230 1178 ae·

221 1223 287 1264 rum
295 1221 379 1266 omue
390 1204 552 1264 etbreveet
560 1201 721 1280 fragileest.
734 1202 834 1282 ltaque
843 1204 977 1281 optimum
985 1215 1127 1282 quemque
1137 1203 1190 1261 niti
1198 1210 1229 1262 et
1242 1212 1273 1263 itt

223 1287 396 1349 contendere
406 1287 528 1350 decetut
537 1295 603 1365 post
615 1303 648 1348 se
658 1288 823 1366 quoquerei
832 1284 964 1366 publicae
978 1286 1080 1364 prosit,
1095 1285 1226 1346 moders·

222 1373 308 1444 tionis
322 1371 434 1432 scilicet
453 1372 632 1450 iustitiaeque
650 1372 855 1448 monumentis,
872 1387 946 1448 quae
964 1369 1082 1448 plurima
1097 1377 1226 1430 statuere

223 1455 323 1516 consul
335 1463 441 1534 potest.
456 1451 535 1514 llaec
547 1471 651 1532 nempe
660 1456 779 1516 intentio
791 1465 837 1514 tua
849 1451 1048 1514 utlibertatem
1056 1469 1182 1514 revoces
1191 1470 1226 1512 ac

143 1587 145 1592 ,
220 1539 352 1598 reducas.
361 1536 453 1611 Quem
462 1536 772 1616 erpcbunoremmagis
781 1555 884 1615 amare,
894 1536 1225 1617 quodnomenusurpare

222 1623 336 1701 saepius
348 1619 439 1683 debes
451 1639 534 1700 qnam
547 1620 624 1701 quod
641 1623 760 1700 primum
778 1623 884 1682 invenit
901 1630 1070 1701 recuperata
1084 1615 1271 1682 libertasl15

220 1705 338 1767 Nonest
351 1706 442 1767 minus
454 1704 540 1766 civile
547 1714 576 1766 et
587 1705 746 1784 principem
758 1723 827 1766 esse
832 1707 939 1785 pariter
944 1714 974 1766 et
984 1704 1132 1766 consulem
1140 1720 1224 1782 quam

221 1797 326 1850 tautum
338 1788 495 1850 consulem.
508 1787 604 1850 Habes
613 1790 697 1850 etiam
703 1788 1036 1850 rationemrerecuudiae
1048 1787 1225 1866 collegarum

222 1882 344 1951 tuomm,
356 1872 533 1950 collegarum
540 1875 667 1952 inquam:
682 1875 720 1933 ita
732 1875 808 1933 enim
820 1883 849 1933 et
859 1875 923 1952 ipse
933 1871 1062 1951 loqueris
1074 1881 1104 1932 et
1116 1889 1169 1932 nos
1181 1871 1224 1930 lo·

222 1959 269 2037 qni
282 1958 334 2016 vis.
357 1955 485 2017 Onoraea
498 1958 550 2016 erit
562 1954 719 2018 modestiae
731 1955 844 2017 illorum
856 1958 933 2017 tertii
947 1954 1110 2016 consulatus
1122 1957 1165 2015 sui
1177 1973 1223 2014 re·

222 2039 360 2114 cordatio,
373 2039 466 2100 donee
475 2049 503 2100 te
517 2041 635 2117 saepius
647 2040 793 2104 consulem
799 2040 919 2102 videant.
929 2039 1031 2119 Neque
1041 2042 1116 2099 enim
1125 2047 1223 2118 potest
1233 2046 1270 2099 20

221 2141 277 2183 uou
289 2124 401 2183 nimium
412 2141 478 2184 esse
493 2125 610 2201 privatis
625 2123 701 2202 quod
716 2126 837 2205 principi
851 2126 919 2187 satis
934 2133 989 2185 est.
1006 2122 1133 2200 Adnuas,
1150 2121 1224 2182 Gae-

220 2225 277 2284 sar,
292 2206 465 2286 optantibus,
478 2206 638 2286 quibusque
646 2208 721 2287 apud
734 2209 806 2268 deos
815 2206 919 2270 adesse
932 2209 1089 2282 consuesti,
1103 2223 1223 2284 quorum

170 2295 211 2360 79
221 2300 307 2370 potes
320 2292 384 2369 ipsc
400 2300 530 2352 rotarum
541 2301 682 2370 conpotes
697 2291 795 2352 lacios.
819 2290 881 2352 l'ibi
893 2291 1017 2352 fortasse
1028 2290 1150 2352 sufficiat
1163 2298 1220 2349 ter-

221 2377 276 2435 tius
297 2374 476 2437 consulatus:
502 2375 555 2436 sed
573 2376 657 2436 nobis
672 2385 748 2437 tanto
763 2377 855 2437 miuus
870 2375 985 2437 suflicit.
1003 2373 1058 2436 Ille
1073 2392 1126 2434 nus
1142 2375 1222 2435 insti·

220 2459 273 2519 tuit
292 2469 322 2520 et
335 2458 442 2519 induxit
455 2467 486 2519 ut
503 2467 533 2518 te
550 2460 653 2519 iterum
667 2460 825 2538 iterumque
840 2457 987 2520 consulem
1004 2458 1111 2519 babere
1125 2459 1220 2536 cupia-
1230 2467 1267 2519 25

220 2561 293 2604 mus.
321 2542 480 2604 Remissius
496 2541 571 2602 istud
588 2541 842 2620 contenderemus,
865 2544 889 2604 si
903 2541 996 2603 adbuc
1012 2559 1068 2602 non
1083 2543 1220 2604 sciremus

198 2639 200 2644 ·
221 2625 311 2705 qualis
326 2645 409 2689 esses
427 2625 545 2688 iuturus.
574 2624 763 2687 Tolerabilius
777 2626 831 2688 luit
846 2628 1072 2705 experimentum
1082 2627 1122 2686 tui
1137 2626 1220 2686 nobis

220 2728 304 2789 quam
321 2728 403 2770 usum
422 2711 530 2787 negari.
561 2708 718 2772 Dabitume
731 2728 830 2770 rursus
844 2710 944 2771 videre
957 2708 1104 2770 consulem
1118 2705 1220 2768 illum?

218 2792 341 2869 Audiet,
367 2793 469 2855 reddet
489 2811 560 2873 quas
581 2796 709 2872 proxime
728 2812 835 2872 voces,
860 2793 1074 2873 praestabitque
1088 2791 1219 2871 gaudium

220 2885 351 2955 quantum
365 2877 430 2953 ipse
445 2873 608 2956 percipiet?
622 2877 799 2939 Praesidebit
814 2876 940 2938 laetitiae
956 2875 1106 2957 publicae,
1120 2885 1265 2940 auctur30

220 2962 282 3022 eius
291 2968 424 3035 etcausa,
438 2959 916 3040 temptabitqneadfectusnostros,
930 2971 960 3022 ut
969 2960 1057 3038 solet,
1070 2960 1217 3036 cohibere,

219 3062 275 3106 nec
289 3040 415 3124 poterit‘l
437 3045 534 3122 pietati
549 3054 664 3106 senatus
680 3063 743 3106 cum
759 3044 899 3107 modestia
914 3047 1052 3124 principis
1065 3042 1137 3104 felix
1151 3061 1218 3122 spe·

221 3130 387 3206 ciosumque
402 3137 562 3206 certamen,
579 3147 631 3189 seu
641 3128 727 3190 luerit
738 3131 812 3190 ricta
824 3147 877 3190 seu
890 3130 1002 3190 vicerit.
1023 3127 1164 3207 Equidem
1177 3129 1218 3187 iu·

219 3215 361 3290 cognitam
381 3212 518 3291 quandam
538 3214 725 3293 proximaque
734 3215 882 3274 ‘maiorem
901 3217 1052 3291 praesumo
1075 3211 1216 3272 laetitiam.

219 3294 291 3368 Quis
307 3297 381 3355 enim
396 3305 442 3358 est
457 3306 513 3356 tam
526 3296 661 3357 inbecillo
682 3299 814 3375 ingenio,
838 3299 887 3377 qui
908 3314 964 3357 non
979 3305 1057 3359 tauto
1072 3294 1261 3362 melioremus

219 3376 367 3439 consulem
381 3389 480 3458 speret
494 3388 597 3458 quanto
614 3382 728 3458 saepius
743 3378 850 3442 fuerit?
869 3380 951 3441 Alius
967 3379 1099 3456 labores,
1121 3379 1146 3438 si
1160 3397 1215 3440 non

220 3464 352 3521 continuo
365 3479 398 3521 se
411 3461 536 3523 desidiae
549 3481 583 3523 ac
594 3463 732 3543 voluptati
746 3463 885 3542 dedisset,
901 3466 960 3526 otiu
975 3474 1068 3526 tumen
1083 3472 1113 3524 et
1122 3465 1216 3541 quiete

218 3551 394 3604 recreasset:
416 3543 463 3602 bic
485 3545 680 3608 consularibus
703 3549 778 3608 curis
793 3549 959 3626 exsolutus,
985 3546 1158 3628 principales
1171 3565 1215 3607 re·
