2632 4102
358 306 621 371 EPISTULARUM
636 307 673 368 11.
691 317 718 372 7.
732 318 760 372 8.
775 319 801 373 9.
820 320 864 372 1⁰·
1076 310 1118 374 29

113 481 162 524 sus
177 461 290 522 adfatim
311 470 478 540 suggerunt.
514 460 573 522 Sed
594 462 656 521 sive
672 461 764 522 omnia
778 461 861 522 simul
878 463 940 524 sive
956 462 1063 543 aliquid
1077 464 1141 532 faa

113 549 167 625 cis,
183 563 241 608 non
255 563 373 625 possum
387 545 486 607 dicere
501 545 655 606 ‘invideo'z
676 562 767 623 angor
778 554 872 606 tamen
886 564 943 607 non
959 548 1069 608 etmihi
1083 548 1116 609 li·

113 649 182 691 cere
195 647 268 710 quae
279 632 323 691 sic
336 631 512 732 concupisco
527 638 558 691 nt
573 632 652 708 aegri
667 631 761 689 vinum
777 628 889 691 balinea
902 630 1010 693 iontes.
1030 629 1116 693 Num·

112 733 233 795 quarm
243 714 297 776 bos
307 716 464 776 artissimos
475 711 605 792 laqueos,
622 733 647 774 ιι
640 712 774 775 solvere
788 724 919 794 negatur,
934 714 1116 795 abrumpam?

76 798 279 898 5Numqnam,
294 808 375 879 puto.
391 797 463 859 Nam
476 798 622 858 veteribus
636 799 760 875 negotiis
770 815 844 858 nova
858 799 1046 878 adcrescunt,
1062 814 1143 867 neos

110 892 206 944 tamen
221 884 316 962 priora
331 891 519 963 peraguntur:
540 890 583 942 tot
594 881 733 960 nexibus,
748 890 790 943 tot
806 885 887 960 qnasi
903 885 1012 944 catenis
1026 886 1114 947 maius

109 969 138 1028 in
152 968 216 1028 dies
233 969 450 1047 occupationum
466 984 568 1044 agmen
580 965 750 1027 extenditur.
765 965 848 1026 Vale.

566 1079 674 1160 Vllll.

69 1243 101 1294 10
357 1161 385 1253 c.
403 1199 530 1251 uomens
548 1198 865 1252 Aronmusmsuos,

172 1303 294 1362 Anxium
314 1311 413 1364 me-et
438 1303 594 1382 inquietum
613 1301 700 1363 habet
720 1304 822 1382 petitio
842 1302 922 1364 Sexti
942 1302 1029 1364 llruci
1048 1306 1140 1373 mei.1

106 1388 238 1449 Adlicior
260 1404 327 1447 cura
350 1394 380 1446 et
401 1404 483 1465 mam
502 1404 555 1466 pro
575 1405 621 1448 me
643 1385 864 1448 sollicitudinem
880 1405 937 1448 non
958 1387 1013 1447 adii
1034 1391 1114 1467 quasi

73 1489 223 1552 prome
238 1470 452 1550 alteropatior;
474 1480 504 1531 et
519 1470 624 1550 alioqui
636 1489 717 1532 meus
731 1471 839 1551 pudor,
855 1490 918 1533 mea
931 1473 1113 1550 existimatio,

107 1575 171 1618 mea
186 1556 332 1634 dignitas
322 1574 352 1616 ιιι
366 1554 519 1617 discrimen
533 1554 691 1617 adducitur.
712 1553 778 1655 ligo
794 1555 883 1616 Sexto
901 1555 987 1617 latum
1004 1551 1139 1624 clavumn

69 1653 125 1706 loa
146 1638 274 1701 Caesare
294 1649 410 1717 nostro,
436 1656 494 1717 ego
514 1649 694 1718 quaesturam
713 1641 870 1740 inpetrari,
892 1659 957 1701 meo
978 1641 1113 1719 suffragio

108 1726 242 1804 pervenit
256 1722 312 1785 od'
304 1743 348 1785 rus
362 1724 531 1786 tribunatum
541 1723 675 1804 petendi,
697 1741 782 1803 quem
795 1726 849 1786 nisi
866 1725 998 1786 obtinet
990 1744 1018 1784 m
1032 1743 1114 1785 seua-

109 1819 149 1886 tu,
165 1825 273 1870 uereor
287 1827 324 1869 ue
340 1807 493 1887 decepisse
508 1805 662 1870 Gaesarem
675 1808 784 1869 videar.
802 1807 924 1868 Proinde
935 1807 1140 1876 adnitendum3

109 1903 154 1953 est
169 1892 239 1952 mibi
253 1902 284 1954 ut
298 1891 385 1952 talem
399 1910 464 1952 eum
477 1891 603 1953 iudicent
624 1909 740 1969 omues,
766 1891 879 1971 qualem
894 1910 962 1954 esse
976 1895 1113 1972 princeps

108 1976 174 2037 milri
190 1975 322 2037 credidit.
342 1973 422 2048 Quae
438 1995 523 2037 causa
538 1977 563 2037 si
578 1976 699 2037 studium
709 1993 803 2036 meum
813 1994 871 2036 non
882 1977 1022 2056 incitaret,
1038 1977 1115 2038 adiu·

69 2069 166 2127 aotnm
182 2071 279 2121 tumen
294 2077 430 2138 cuperem
443 2061 577 2120 iuvenem
591 2060 802 2139 probissimum,
821 2063 1035 2140 gravissimum,
1050 2080 1115 2122 eru·

108 2141 295 2221 ditissimum,
317 2145 392 2204 omui
407 2143 529 2222 denique
549 2143 633 2204 lande
649 2144 857 2223 dignissimum,
877 2153 907 2207 et
922 2145 1035 2224 quidem
1050 2163 1114 2206 cum

107 2236 165 2289 tota
176 2229 271 2289 domo.
294 2226 365 2288 Nam
376 2237 459 2307 pater
470 2230 497 2288 ei
507 2227 630 2290 Erucius
643 2225 755 2307 Clarus,
771 2229 953 2308 aitsanctus,
969 2231 1140 2309 antiquus,4

108 2310 243 2390 disertus,
257 2321 342 2391 atque
355 2314 383 2371 in
395 2311 513 2389 agendis
531 2314 624 2374 causis
639 2314 823 2390 exercitatus,
839 2331 908 2392 quas
923 2331 1028 2374 summa
1043 2313 1111 2391 fide,

107 2398 167 2473 pari
183 2397 356 2473 constantia,
379 2414 435 2456 nec
445 2395 619 2457 verecundia
629 2398 738 2458 minore
753 2395 891 2458 defendit.
919 2396 1012 2457 Habet
1028 2415 1113 2456 avun-

69 2478 203 2544 asculum
219 2478 253 2541 G.
268 2479 444 2559 Septicium,
467 2497 524 2558 quo
538 2479 607 2540 nibil
622 2482 736 2558 uerius,
756 2479 826 2540 nibil
846 2479 1022 2558 simplicius,
1042 2479 1111 2540 nihil

109 2564 265 2642 candidius,
279 2562 348 2623 nihil
362 2563 474 2625 lidelins
488 2566 565 2624 nori.
588 2563 694 2625 Omnes
710 2582 756 2623 me
772 2565 901 2625 certatim
915 2572 1050 2624 ettamen
1065 2575 1137 2626 ιιι-5

107 2648 228 2725 qualiter
244 2658 350 2726 amant,
366 2649 494 2709 omnibus
509 2666 584 2709 nunc
596 2663 653 2725 ego
668 2649 696 2706 in
710 2664 766 2707 uno
781 2646 893 2707 referre
909 2648 1026 2725 gratiam
1043 2666 1112 2727 pos·

107 2749 178 2791 sum.
200 2731 301 2812 ltaque
312 2750 419 2811 prenso
429 2735 548 2809 amicos,
567 2729 710 2811 supplico,
728 2731 833 2809 ambio,
848 2731 948 2792 domos
960 2733 1111 2796 stationes·

109 2833 164 2893 que
186 2818 350 2895 circumeo,
371 2825 561 2896 quantumque
581 2815 630 2876 vel
650 2817 818 2876 anctoritate
833 2814 882 2877 vel
897 2817 986 2895 gratia
1001 2816 1111 2878 valeam

71 2901 241 2977 aoprecibus
256 2903 400 2980 experior.
432 2900 474 2961 l'e
492 2918 606 2980 qnoque
622 2900 747 2960 obsecro
763 2908 794 2960 ut
807 2899 928 2980 aliquam
943 2903 1038 2963 oneris
1055 2903 1137 2963 meio

108 2992 214 3061 purtem
225 2987 376 3065 suscipere
386 2987 455 3046 tanti
466 2995 562 3064 putes.
580 2982 707 3044 Reddam
717 2985 821 3063 vicem,
837 2987 861 3044 si
871 3001 1029 3064 reposces,
1045 2984 1111 3045 red·

109 3066 168 3127 dam
179 3079 209 3130 et
219 3071 244 3130 si
254 3085 312 3130 aon
322 3087 474 3148 reposces.
493 3068 640 3146 Diligeris,
654 3067 771 3146 coleris,
789 3069 994 3148 frequentaris:
1013 3078 1109 3130 osten·

109 3149 236 3214 demodo
248 3151 385 3232 vellete,
404 3171 460 3215 neo
471 3152 591 3214 deerunt
602 3153 650 3231 qui
661 3151 737 3231 qnod
751 3161 782 3212 tn
797 3152 871 3214 velis
883 3154 1007 3232 cupiant.
1027 3151 1098 3213 Vale

583 3285 620 3348 X·
628 3271 640 3309 ι’

73 3323 103 3380 35
377 3387 405 3438 (l.
422 3386 548 3440 PLINIUS
565 3385 704 3439 oouavm
723 3385 829 3440 SUOS.

167 3487 314 3549 Hominem
332 3498 363 3550 te
369 3491 533 3590 'patientem
552 3487 601 3550 uel
620 3491 728 3569 potius
737 3487 835 3548 durum
848 3505 884 3548 ac
897 3504 990 3566 paene
1008 3486 1109 3547 crude·
1118 3499 1133 3549 1

111 3566 175 3650 lem,
190 3573 237 3651 qui
251 3575 332 3634 tam
322 3575 449 3651 moignes
463 3573 554 3634 libros
571 3583 627 3634 tam
642 3573 688 3632 diu
701 3570 817 3633 teneas!
838 3569 996 3651 Quousque
1011 3580 1040 3632 et
1057 3571 1132 3632 tibia
