2616 4096
330 304 591 367 EPISTULARUM
605 305 682 366 Vlll.
698 317 723 368 1.
738 316 764 368 ι.
776 314 802 367 3.
816 313 843 368 4.
1024 302 1085 368 155

90 469 192 524 emerat
211 459 362 520 concessi:
382 456 485 520 deinde
500 458 545 518 bis
565 459 613 536 qni
628 456 814 536 amplissimas
830 473 952 518 summas
964 457 1085 534 emptic-

89 545 168 604 nribus
183 551 393 621 occupaverant
410 543 561 620 separatim
575 539 715 600 consului.
743 539 814 600 Nam
830 549 859 600 et
873 557 919 600 me
934 541 1023 617 inagis
1042 542 1084 600 in·

88 636 183 688 verant
203 637 235 686 et
256 627 344 686 maius
362 625 418 702 ipsi
438 623 566 684 fecerant
583 622 719 682 damnum.
751 622 841 700 lgitnr
860 623 905 684 bis
923 624 971 700 qni
994 621 1110 698 plurisd

90 725 167 788 qnam
187 708 292 770 decem
312 707 426 768 milibus
454 716 578 767 emerant
604 705 640 766 ad
661 705 738 766 illam
758 723 935 766 communem
954 714 983 766 et
1006 707 1085 783 quasi

69 791 228 872 npublicam
248 802 376 852 octavam
396 789 488 850 addidi
509 790 654 850 decumam
676 791 738 850 eins
763 807 887 850 summae
909 806 964 867 qua
985 788 1085 848 decem

90 875 159 936 milia
173 884 372 938 excesserant.
389 871 501 934 Vereor
514 891 551 933 no
562 890 659 951 parum
671 874 877 952 expresserim
892 873 1017 950 apertius
1029 869 1111 932 cal-5

90 959 165 1019 culos
176 957 334 1020 ostendam.
359 957 390 1016 Si
405 960 453 1035 qni
467 956 541 1016 lorte
555 955 716 1034 quindecim
728 956 840 1017 milibus
855 964 996 1032 emerant,
1012 954 1042 1014 hi
1056 964 1085 1015 et

90 1043 247 1120 quindecim
263 1040 369 1101 milium
385 1047 513 1102 octavam
533 1049 563 1098 et
584 1041 706 1117 quinque
728 1038 832 1098 milium
845 1038 989 1100 decimam
1012 1037 1085 1097 tule-

88 1135 156 1186 runt.
186 1124 356 1200 Praeterea,
379 1140 442 1183 cnm
461 1133 624 1201 reputarem
639 1120 775 1200 quosdam
794 1139 832 1182 ex
847 1121 944 1182 debito
959 1119 1110 1199 aliquan-6

56 1217 159 1286 toturn,
176 1206 316 1286 quosdam
332 1205 455 1286 aliquid,
476 1204 613 1283 quosdam
626 1205 694 1264 nihil
710 1207 893 1284 reposuisse,
908 1221 1085 1281 nequaqnam

89 1310 182 1352 verum
195 1291 362 1367 arbitrabar,
378 1307 450 1368 qnos
465 1307 521 1350 non
536 1297 688 1367 aequasset
705 1287 776 1348 fides
791 1287 951 1363 solutionis,
966 1286 1020 1348 bos
1035 1287 1085 1346 be·

89 1376 218 1452 nignitate
239 1375 416 1435 remissionis
435 1389 567 1450 aequam.
598 1369 707 1432 Rursus
728 1388 802 1448 ergo
815 1370 861 1432 his
876 1372 923 1449 qut
942 1368 1109 1430 solverant?

90 1459 147 1519 cius
163 1457 241 1537 quod
258 1457 401 1518 solverant
416 1456 553 1516 decimam
564 1455 671 1516 remisi.
701 1453 758 1516 Per
775 1455 832 1514 boc
848 1456 923 1515 enim
936 1454 1084 1530 aptissime

92 1549 117 1602 et
128 1543 157 1602 in
170 1542 357 1619 praeteritum
373 1539 492 1618 singulis
511 1556 565 1616 pro
586 1539 726 1616 cuiusque
742 1541 844 1598 meritc
862 1539 952 1616 gratia
971 1535 1084 1612 referri,

57 1629 84 1682 15
91 1633 117 1684 ot
130 1627 158 1685 iu
173 1625 300 1686 futurum
314 1640 412 1684 omnes
429 1641 492 1683 curn
509 1621 543 1682 nd
565 1622 713 1682 emendum
732 1630 790 1680 tum
812 1623 896 1684 etiam
915 1620 951 1682 ad
970 1619 1085 1682 solven-

90 1706 149 1768 dum
163 1707 239 1769 allici
255 1707 429 1768 videbantur.
451 1705 555 1783 blagnc
572 1704 639 1764 mibi
654 1724 706 1766 sen
726 1706 798 1764 ratio
812 1704 885 1766 baec
900 1722 951 1766 sen
965 1703 1111 1764 facilitas8

91 1793 180 1868 stetit,
204 1790 260 1852 scd
276 1789 328 1851 fnit
343 1791 419 1850 tanti.
451 1787 522 1850 Nam
537 1789 656 1864 regione
671 1797 729 1850 tcta
745 1798 774 1848 et
785 1789 895 1848 novitas
908 1787 1084 1848 remissionis

91 1883 117 1935 ct
128 1873 217 1934 lorma
237 1873 374 1934 landatur.
405 1872 451 1932 Ex
464 1873 537 1950 ipsis
552 1873 651 1946 ctiam,
674 1889 748 1949 quos
761 1888 817 1931 non
833 1889 902 1946 nna,
924 1879 955 1930 ut
971 1869 1083 1946 dicitnr,

91 1961 193 2033 partica
207 1956 264 2019 scd
278 1956 410 2018 distincte
426 1956 619 2034 gradatimque
632 1957 767 2032 tractavi,
788 1963 892 2032 quanto
908 1955 970 2032 quis
984 1951 1086 2012 melior

57 2049 118 2102 toct
128 2043 248 2119 probior
263 2049 342 2101 tanto
355 2040 422 2100 milri
443 2038 594 2117 obligatior
606 2039 687 2116 abiit,
702 2047 839 2117 expertus
853 2055 910 2098 non
927 2055 994 2098 esse
1009 2035 1085 2115 apud

91 2139 132 2184 me
147 2119 183 2183 ἐν
194 2115 232 2185 δὲ
246 2121 280 2204 ἰῇ
291 2123 368 2205 τιμῇ
380 2113 464 2202 ἠμὲν
475 2113 577 2194 κακὰς
588 2111 648 2198 ἠδὲ
659 2115 713 2181 καὶ
725 2114 856 2194 ἐσθλός.
888 2119 969 2182 Vale.

560 2253 612 2316 111.

366 2353 394 2407 c.
414 2352 540 2406 remens
561 2353 682 2403 sonnso
702 2352 762 2404 suo
780 2352 807 2406 s,

59 2469 86 2522 ts
147 2458 261 2520 bibrum
271 2476 357 2536 quem
370 2461 525 2520 novissimae
542 2460 593 2519 tibi
607 2461 722 2520 nisiex
736 2458 865 2518 omnibus
881 2457 953 2516 meis
968 2454 1015 2513 vel
1030 2468 1110 2518 ma·1

92 2541 160 2602 nime
175 2542 294 2621 placere
310 2542 461 2620 significas.
493 2540 546 2602 Est
564 2542 664 2603 cadem
680 2543 776 2619 opinio
795 2539 939 2601 cuiusdam
956 2537 1086 2597 eraditis·

95 2623 159 2684 simi.
182 2625 249 2698 Quo
263 2627 353 2704 magis
368 2624 494 2686 adducor
507 2635 537 2685 nt
547 2635 678 2686 nentrum
692 2623 751 2684 lulli
765 2633 874 2702 putem,
892 2624 956 2702 quia
970 2638 1027 2681 non
1041 2628 1112 2686 esta

95 2707 225 2771 credibile
246 2717 395 2787 utrumqne
417 2707 476 2768 lelli
497 2717 526 2769 et
549 2710 613 2788 qnia
637 2719 730 2770 tamen
750 2706 878 2768 blandior
901 2704 991 2782 mihi„
1010 2702 1087 2763 Volo

96 2792 162 2849 enim
176 2793 304 2872 proxima
321 2809 451 2870 quaeum
473 2791 680 2853 absolutissima
695 2792 802 2868 videri,
820 2799 850 2851 et
864 2789 932 2850 ideo
943 2790 998 2848 iam
1011 2805 1086 2848 nnnc

61 2874 186 2935 neonus
204 2878 289 2937 istum
310 2873 412 2936 librum
433 2874 518 2936 faveo
539 2877 656 2936 crationi
678 2892 760 2953 ιιιιιιιιι
782 2892 875 2952 nnper
893 2874 922 2932 in
941 2871 1087 2950 publicum

96 2953 171 3036 dedi,
192 2960 446 3019 communicaturus
466 2968 576 3034 tecum,
599 2969 628 3019 ut
649 2961 767 3036 primum
787 2957 952 3036 diligentem
971 2953 1086 3016 tabella-

96 3039 160 3098 rium
176 3043 324 3103 invencro.
354 3039 441 3102 Erexi
457 3044 701 3120 exspectationem
717 3052 808 3118 tuam,
830 3057 914 3119 quam
931 3055 1036 3098 vereor
1049 3041 1112 3096 ned

97 3119 222 3188 destituat
237 3125 328 3186 oratio
340 3126 370 3184 in
379 3142 476 3186 manns
491 3133 610 3204 sumpta.
638 3123 754 3185 luterim
766 3133 859 3188 minen
873 3131 1012 3201 nmquam
1026 3117 1085 3198 pla·

99 3205 216 3287 citatam,
232 3217 261 3268 et
275 3207 398 3269 fortasse
413 3208 549 3286 placebit,
566 3218 712 3286 exspecta.
743 3207 823 3268 Vale.

63 3293 91 3348 ³⁵
555 3339 619 3402 nn.

368 3440 395 3491 G.
414 3439 537 3491 PLINIUS
556 3439 683 3490 GANlNlO
701 3436 761 3489 SUO
780 3436 808 3488 S.

157 3541 267 3622 Optime
286 3543 358 3605 lacis
378 3542 454 3622 qnod
474 3542 580 3604 bellum
600 3542 736 3604 Dacicum
751 3540 879 3600 scribere
893 3554 986 3617 paras,
1016 3533 1111 3605 ,uani
