2632 4102
652 278 687 340 O.
707 279 805 340 PLlNl
889 331 892 336 .

680 429 772 490 XXII.

433 543 460 598 G.
480 543 604 596 PLINIUS
623 545 749 598 curinio
769 543 894 597 SEVERO
915 543 976 596 SUO
995 544 1023 602 S.

201 697 216 748 1
284 683 340 742 Diu
354 683 448 741 iamin
462 682 534 742 urbe
549 682 667 759 haereo,
683 691 712 742 et
728 683 842 762 quidem
856 683 1000 744 attonitus.
1019 679 1166 740 Perturbat
1182 698 1232 740 me
1307 667 1308 670 ¹

224 766 311 844 longa
326 774 355 825 et
369 767 500 844 pertinax
513 764 638 826 valitudo
654 765 709 825 'liti
722 766 881 843 Aristonis,
899 784 984 844 quem
1000 762 1182 842 singulariter
1200 773 1260 828 et5
1307 837 1308 842 η

223 852 352 910 minoret
370 847 467 926 diligo.
499 847 575 908 Nihil
587 858 632 910 est
649 851 724 909 enim
737 849 787 909 illo
802 851 933 928 gravius,
949 849 1086 925 sanctius,
1103 847 1228 926 doctius,
1307 857 1308 880 ³

224 943 255 994 ut
268 931 334 992 mihi
349 949 406 991 non
419 950 492 993 unus
507 931 592 992 homo
614 933 667 993 sed
681 933 794 994 litterae
811 936 892 1012 ipsae
907 949 1065 1012 omnesque
1078 931 1169 991 bonae
1184 950 1229 991 ar·
1307 941 1308 1006 ξ

201 1027 269 1079 ates
286 1018 314 1076 in
328 1033 384 1076 uno
399 1015 512 1076 bomine
527 1034 664 1078 summum
677 1017 836 1097 periculum
849 1017 928 1076 adire
948 1017 1104 1077 videantur.
1137 1013 1229 1087 Quam
1307 1013 1308 1080 l

115 1128 132 1152 x
224 1102 334 1181 peritus
349 1099 398 1160 ille
412 1109 441 1160 et
456 1102 557 1180 privati
571 1103 640 1161 iuris
651 1109 680 1160 et
691 1100 814 1179 publici!
830 1110 962 1180 quantum
973 1117 1079 1182 rerum,
1095 1107 1230 1177 quantum
1307 1093 1308 1104 ’

225 1182 431 1263 exemplorum,
447 1193 578 1262 quantum
592 1186 761 1263 antiquitatis
774 1184 866 1245 tenet!
882 1183 958 1244 Nihil
970 1182 1103 1262 estquod
1114 1182 1230 1243 discere
1242 1199 1278 1250 10

188 1283 193 1292 ·
225 1267 317 1345 velis,
340 1267 417 1347 quod
433 1267 483 1328 ille
498 1269 605 1329 docere
619 1286 675 1328 nou
691 1271 796 1347 possit:
824 1267 890 1327 mihi
911 1277 1008 1345 certe,
1031 1267 1162 1344 quotiens
1177 1265 1230 1325 ali-

201 1351 293 1430 ttquid
307 1351 430 1412 abditum
444 1369 568 1430 quaero,
583 1352 634 1412 ille
649 1351 797 1434 thesaurus
813 1361 867 1413 est.
899 1350 961 1428 ¹lam
976 1360 1078 1430 quanta
1091 1353 1231 1410 sermoni-

224 1437 278 1497 bus
293 1437 355 1495 eius
371 1435 454 1512 iides,
471 1445 574 1513 quanta
587 1438 755 1514 auctoritas,
777 1454 860 1514 quam
876 1453 978 1515 pressa
993 1444 1023 1495 et
1038 1434 1143 1494 decora
1160 1451 1230 1493 cun-

225 1517 326 1580 etatio!
347 1518 415 1596 quid
440 1519 578 1598 estquod
599 1537 655 1579 non
670 1523 764 1580 statim
780 1516 872 1581 sciat?
896 1517 933 1579 Et
951 1529 1045 1580 tamen
1059 1516 1230 1597 plerumque

224 1602 360 1680 haesitat,
377 1601 484 1662 dubitat
500 1603 661 1664 diversitate
676 1605 830 1682 rationum,
847 1622 917 1682 quas
931 1605 990 1664 acri
1009 1619 1169 1680 magnoque
1187 1604 1230 1660 iu·
1241 1609 1276 1661 15

226 1687 300 1746 dicio
315 1687 350 1746 ab
369 1687 478 1764 origine
495 1688 646 1764 causisque
661 1689 758 1766 primis
771 1689 892 1767 repetit,
909 1687 1060 1763 disceruit,
1082 1685 1228 1764 expendit.

199 1769 269 1831 4Ad
283 1770 339 1830 hoc
360 1788 443 1849 quam
460 1787 563 1848 parcus
579 1772 608 1830 in
620 1773 713 1848 victu,
737 1789 820 1850 quam
841 1771 969 1832 modicus
984 1768 1119 1830 incultu!
1138 1767 1229 1829 Soleo

225 1856 318 1932 ipsum
334 1852 496 1914 cubiculum
510 1855 572 1915 eius
587 1856 737 1933 ipsumque
756 1854 863 1916 lectum
876 1864 906 1915 ut
923 1856 1074 1932 imaginem
1091 1851 1230 1932 quandam

199 1939 338 2016 5priscae
350 1936 516 2015 frugalitatis
528 1940 670 2018 aspicere.
690 1938 775 1999 Ornat
785 1939 859 2000 haec
871 1938 1033 2016 magnitudo
1045 1938 1137 2014 animi,
1154 1954 1229 2014 quae

224 2018 292 2080 nibil
307 2018 342 2079 ad
356 2023 592 2100 ostentationem,
609 2024 699 2082 omnia
714 2022 750 2082 ad
766 2023 968 2083 conscientiam
983 2022 1072 2082 refert
1088 2028 1230 2098 recteque
1240 2034 1276 2086 so

199 2103 293 2168 dlacti
306 2121 363 2163 uon
377 2122 415 2164 ex
429 2104 528 2185 populi
542 2122 674 2167 sermone
689 2107 852 2167 mercedem
867 2105 920 2166 sed
935 2123 972 2166 en
988 2106 1065 2166 iacto
1085 2105 1165 2183 petit.
1197 2103 1230 2162 lu

225 2205 332 2248 summa
351 2205 409 2248 non
429 2188 515 2250 facile
529 2207 698 2268 quemquam
716 2209 754 2251 ex
774 2193 837 2252 istis
860 2191 908 2268 qui
928 2190 1084 2268 sapientiae
1106 2185 1230 2248 studium

223 2271 319 2331 babitu
334 2274 464 2350 corporis
478 2273 642 2352 praeierunt
656 2273 723 2335 huic
737 2276 799 2334 viro
814 2273 1002 2353 comparabis.
1034 2271 1099 2332 Nou
1115 2270 1231 2348 quidem

224 2356 370 2434 gymnasia
384 2366 510 2418 sectatur
525 2367 571 2418 aut
585 2360 714 2437 porticus
729 2377 785 2420 nec
800 2357 1035 2437 disputationibus
1049 2355 1145 2432 longis
1158 2353 1230 2414 alio-

222 2458 284 2499 rum
298 2439 386 2499 otium
399 2458 538 2519 suumque
553 2440 689 2521 delectat,
706 2442 759 2504 sed
773 2443 801 2502 in
814 2451 882 2520 toga
893 2442 1076 2518 negotiisque
1087 2445 1229 2516 versatur,
1239 2447 1275 2498 25

200 2522 330 2587 imultos
344 2523 548 2603 advocatione,
565 2525 663 2605 plures
676 2525 796 2588 consilio
810 2528 897 2586 iuvat.
926 2524 1037 2585 Nemini
1050 2533 1144 2583 tamen
1158 2524 1230 2582 isto·

221 2625 284 2667 rum
296 2608 437 2685 castitate,
453 2611 572 2688 pietate,
583 2611 698 2687 iustitia,
711 2609 874 2670 fortitudine
885 2610 969 2669 etiam
980 2609 1070 2687 primo
1082 2605 1150 2667 loco
1164 2623 1231 2666 ces·

223 2692 302 2752 serit.
325 2687 478 2770 Mirareris,
493 2694 518 2754 si
529 2694 699 2771 interesses,
716 2711 771 2771 qua
784 2694 920 2772 patientia
936 2692 1009 2752 hanc
1023 2693 1114 2771 ipsam
1128 2687 1231 2750 valitu-

224 2773 318 2834 dinem
333 2772 450 2853 toleret,
466 2785 496 2836 ut
511 2775 604 2837 dolori
617 2778 742 2855 resistat,
756 2786 786 2837 ut
800 2778 875 2838 sitim
891 2774 1013 2854 differat,
1030 2783 1062 2835 ut
1075 2772 1231 2834 incredibi-

103 2869 119 2898 ι
200 2856 281 2921 &lem
300 2856 421 2917 febrium
441 2859 571 2920 ardorem
591 2863 712 2921 inmotus
733 2869 909 2939 opertusque
923 2861 1101 2920 transmittat.
1127 2856 1276 2936 uupcrao

222 2959 269 3001 me
283 2958 450 3020 paucosque
470 2961 582 3004 meeum
602 2962 675 3024 quos
694 2946 814 3005 maxime
835 2942 925 3022 diligit
940 2943 1090 3004 advocavit
1103 2943 1231 3019 rogavit·
1307 2999 1308 3006 ,

224 3043 280 3104 que
294 3034 325 3086 ut
337 3024 467 3088 medicos
482 3027 697 3089 consuleremus
714 3027 871 3101 desumma
885 3026 1062 3103 valitudinis,
1079 3034 1126 3102 ut,
1142 3027 1167 3086 si
1183 3045 1231 3085 es·
1307 3043 1308 3106 ζ

223 3118 270 3171 set
287 3108 506 3189 insuperabilis,
528 3121 631 3191 sponte
645 3113 738 3172 exiret
758 3114 867 3189 evita,
885 3113 910 3173 si
931 3121 1037 3172 tautum
1056 3107 1181 3170 difficilis
1200 3120 1232 3170 et

200 3192 326 3270 9longa,
348 3195 499 3255 resisteret
517 3205 717 3273 maneretque:
739 3195 857 3256 dandum
879 3198 953 3256 enim
968 3194 1103 3274 precibus
1118 3195 1230 3272 uxoris,

223 3275 342 3338 dandum
357 3276 432 3339 liliae
445 3276 581 3357 lacrimis,
597 3279 716 3339 dandum
727 3280 812 3342 etiam
825 3279 908 3340 nobis
923 3281 1022 3341 amicis
1035 3294 1072 3337 ne
1089 3293 1159 3355 spes
1177 3282 1274 3337 ιιι-35

223 3371 313 3438 stras,
336 3362 361 3422 si
374 3361 461 3422 modo
477 3379 535 3422 non
550 3372 648 3424 essent
662 3365 776 3440 inanes,
792 3362 949 3426 voluntaria
964 3373 1055 3424 morte
1067 3359 1230 3423 desereret
1307 3381 1308 3442 j

182 3455 215 3506 10
223 3443 256 3504 ld
268 3461 325 3522 ego
339 3444 455 3505 arduum
465 3448 495 3505 in
508 3447 606 3526 primis
621 3456 650 3507 et
661 3451 815 3526 praecipua
829 3446 913 3508 laude
928 3447 1043 3526 dignum
1059 3454 1137 3523 puto.
1157 3443 1230 3506 Nam

221 3529 329 3607 impetu
348 3528 470 3607 quodam
490 3539 519 3590 et
539 3531 673 3592 instinctu
693 3548 866 3610 procurrere
886 3532 921 3592 ad
941 3541 1062 3594 mortem
1079 3548 1231 3593 commune
