2616 4096
283 265 684 332 prorumpamus-ss.
700 245 865 349 [cs-ssu
1018 269 1082 334 217

78 421 214 482 adductus
228 421 262 481 ad
280 438 326 481 me
344 423 372 480 in
386 431 556 500 perpetuum
569 420 715 498 relegatus
731 439 746 480 a
763 421 836 481 lulio
851 421 941 483 basso
956 440 1080 501 procon-

79 502 148 565 sule.
168 503 246 583 Ego,
261 507 326 583 quia
340 505 466 565 sciebam
480 514 543 564 acta
559 504 639 565 bassi
654 507 779 566 rescissa
791 504 940 584 datumque
953 523 969 565 a
981 517 1081 568 senatu

78 591 119 648 ius
128 589 257 648 omnibus
269 589 305 648 de
317 589 418 666 quibus
431 586 481 648 ille
492 586 597 666 aliquid
609 589 804 648 constituisset
817 607 855 648 cx
868 591 980 666 integro
992 608 1079 667 agen-

79 671 114 748 di,
132 671 274 732 dumtaxat
286 689 341 750 per
355 672 512 748 biennium,
527 673 699 748 intemogavi
714 671 788 732 huuc
800 691 884 751 quem
898 672 1079 750 relegaverat

56 761 110 814 dau
124 754 232 817 adisset
252 754 454 832 docuissetque
470 754 687 834 proconsulem:
712 757 844 834 cepeoii.
876 755 931 817 Per
947 758 1023 835 quod
1034 757 1103 820 ei·5

78 839 181 898 lectum
203 848 249 900 est
263 848 293 899 ut
313 847 343 899 te
358 837 539 900 consulerem
558 838 733 900 reddendum
753 857 817 899 cum
831 857 943 918 poenae
959 859 1028 902 suae
1042 859 1078 900 an

78 925 188 1000 gravius
209 921 317 1000 aliquid
335 931 365 983 et
387 921 454 1001 quid
476 923 654 1001 potissimum
675 922 901 984 constituendum
915 933 1033 1002 putares
1049 935 1079 985 et

78 1007 104 1064 in
117 1005 192 1066 hunc
210 1015 240 1066 et
255 1008 283 1065 in
298 1023 366 1082 eos,
387 1007 412 1065 si
433 1007 481 1084 qui
498 1005 574 1068 forte
596 1009 624 1066 in
644 1005 727 1067 simili
741 1007 904 1068 conditione
918 1010 1078 1068 inveniren-

80 1098 128 1148 tur.
158 1090 317 1150 Decretum
337 1087 416 1150 Calvi
431 1097 459 1150 et
474 1088 615 1167 edictum,
636 1091 703 1150 item
718 1090 865 1152 decretum
878 1091 960 1152 Bassi
974 1092 1018 1152 bis
1033 1091 1078 1153 lit·

46 1173 72 1224 1⁰
80 1175 143 1234 teris
158 1174 280 1234 subieci.
353 1245 355 1250 ,

474 1304 560 1366 uvu.
575 1304 680 1385 [uxvq

411 1405 575 1457 TRAIANUS
591 1406 697 1457 PLINIO
716 1405 742 1456 S.

138 1505 214 1580 Quid
234 1509 263 1568 iu
284 1525 408 1586 persona
427 1526 525 1570 eorum
546 1509 723 1570 statuendum
745 1511 798 1586 sit,
820 1509 868 1588 qui
883 1507 938 1569 al’.
955 1507 1104 1578 Servili01

48 1599 74 1650 15
83 1587 165 1650 Calvo
179 1592 356 1670 proconsule
371 1594 398 1652 in
414 1595 563 1654 triennium
574 1592 695 1670 relegati
711 1600 741 1652 et
759 1611 825 1654 mox
840 1593 967 1653 eiusdem
982 1591 1077 1653 edicto

80 1675 195 1736 restituti
210 1677 240 1734 in
251 1677 397 1756 prouincia
407 1684 613 1754 remanserunt,
629 1679 757 1754 proxime
768 1676 820 1737 tibi
831 1677 996 1753 rescribam,
1014 1693 1079 1735 cum

82 1774 176 1819 causas
193 1760 258 1819 eius
272 1759 339 1821 iacti
353 1777 369 1819 a
386 1757 474 1821 Calvo
488 1761 657 1838 requisiero.
682 1758 737 1832 Qui
751 1777 768 1820 a
781 1758 853 1819 lulio
864 1759 954 1820 Basso
968 1760 997 1819 in
1012 1775 1105 1838 par-2

81 1849 191 1917 potuum
216 1841 363 1920 relegatus
386 1853 447 1919 est,
472 1862 535 1903 cum
555 1861 609 1922 per
629 1842 772 1904 biennium
791 1843 893 1920 agendi
913 1842 1078 1904 facultatem

82 1921 221 2003 babuerit,
237 1926 264 1986 si
278 1927 455 1988 existimabat
469 1946 502 1988 se
517 1928 615 1986 iniuria
629 1927 803 2004 relegatum,
820 1945 914 2006 neque
928 1927 957 1986 id
975 1927 1079 1988 iecerit

48 2011 161 2086 ibatque
175 2010 204 2068 in
219 2011 367 2088 provincia
381 2013 484 2071 morari
500 2012 710 2089 perseverarit,
731 2013 845 2072 vinctus
859 2013 930 2072 mitti
944 2011 980 2072 ad
996 2029 1080 2090 prae·

83 2088 169 2152 lectos
190 2094 327 2172 praetorii
344 2096 400 2154 mei
417 2094 513 2155 debet.
546 2093 649 2172 Neque
670 2096 744 2154 enim
764 2095 870 2156 suflicit
890 2113 954 2156 eum
967 2111 1079 2176 poenae

84 2193 145 2235 suae
160 2178 283 2254 restitui,
298 2195 381 2256 quarn
395 2180 571 2239 contumacia
587 2177 681 2238 elusit.

457 2310 556 2372 nuru.
575 2310 694 2389 [nuru]

50 2421 77 2472 25
294 2407 321 2458 G.
340 2408 465 2460 PLINIUS
482 2409 627 2460 TRAIANO
645 2408 852 2459 IMPERATORI.

141 2505 212 2569 llum
226 2510 342 2569 citarem
352 2509 472 2588 iudices,
489 2511 610 2587 domine,
627 2519 797 2571 conventum
810 2509 1002 2590 inchoaturus,
1013 2507 1103 2586 illa-1

86 2590 311 2672 riusArcbippus
324 2596 500 2655 vacationem
513 2604 615 2674 petere
630 2596 726 2672 coepit
742 2603 773 2654 ut
785 2592 982 2672 philosophus.
1005 2590 1104 2652 Fue-2

85 2682 142 2733 mnt
162 2677 209 2753 qui
230 2675 360 2738 dicerent
379 2694 436 2738 non
454 2677 629 2740 liberandum
651 2695 715 2738 eum
731 2677 870 2738 iudicandi
892 2677 1078 2753 necessitate,

86 2755 134 2816 sed
148 2761 262 2821 omnino
274 2759 431 2821 tollendum
445 2759 481 2822 de
495 2762 617 2822 iudicum
631 2778 749 2822 numero
764 2760 995 2840 reddendumque
1009 2777 1080 2840 poe-

52 2841 150 2918 louae,
166 2861 249 2922 quam
269 2843 366 2905 fractis
389 2844 512 2907 vinculis
532 2849 682 2908 evasisset.
719 2844 849 2906 Recitata
871 2855 917 2906 est
941 2845 1107 2905 sententiat

87 2919 147 2983 Veli
166 2925 255 2987 Paulli
279 2927 477 3006 proconsulis,
504 2948 559 3008 qua
585 2930 758 3008 probabatur
777 2928 942 3008 Archippus
966 2929 1081 2989 crimine

88 3002 146 3068 lalsi
162 3009 304 3071 damnatus
319 3013 347 3071 iu
366 3012 524 3074 metallum:
549 3012 600 3074 ille
621 3013 690 3072 nibil
705 3013 871 3092 proferebat
891 3031 948 3091 quo
967 3014 1081 3072 restitu-

89 3095 141 3148 tum
155 3109 187 3153 se
202 3092 330 3154 doceret.
360 3095 523 3175 Adlegabat
536 3107 630 3158 tamen
645 3115 698 3176 pro
713 3099 891 3158 restitutione
909 3105 939 3154 et
954 3092 1081 3154 libellum

90 3187 146 3233 ase
159 3174 317 3238 Domitiano
333 3179 426 3241 datum
441 3189 470 3240 et
485 3181 623 3260 epistulas
639 3182 700 3241 eius
718 3180 754 3240 ad
768 3179 905 3239 honorem
921 3194 1000 3239 suum
1016 3193 1081 3254 per·

54 3255 203 3321 tumentes
218 3271 248 3322 et
262 3262 408 3324 decretum
424 3264 613 3326 Prusensium.
643 3263 775 3324 Addebat
794 3262 838 3321 his
852 3270 882 3320 et
896 3271 957 3321 tuas
972 3259 1081 3320 litteras

91 3341 203 3420 scriptas
220 3345 291 3423 sibi,
312 3346 434 3409 addebat
449 3357 477 3408 et
491 3351 579 3427 patris
594 3351 634 3408 tui
649 3347 773 3409 edictum
787 3355 817 3406 et
832 3343 999 3423 epistulam,
1021 3343 1082 3420 qui·

90 3419 138 3482 bus
152 3428 344 3492 confirmasset
359 3431 498 3492 beneficia
512 3449 528 3492 a
541 3431 701 3492 Domitiano
717 3429 788 3490 data.
820 3427 936 3507 ltaque,
956 3427 1107 3506 quamvisl

92 3505 176 3568 cidem
189 3511 253 3572 talia
271 3515 385 3576 crimina
406 3514 630 3594 adplicareutur,
650 3512 723 3584 ‚nibil
743 3511 952 3573 decemeudum
972 3511 1080 3590 putari,
