2614 4104
368 311 633 375 enunciamus
652 323 695 378 n.
708 322 751 378 rs.
764 277 812 379 nss
1035 315 1098 380 aas

92 469 257 531 cessitatem
272 469 430 528 servitutis:
446 467 594 545 ecquando
609 465 699 527 simile
715 466 819 545 aliquid
833 464 956 528 audisti?
974 486 1097 547 eoquan·
1173 496 1176 508 ..

91 552 129 613 do
151 549 264 612 dixisti?
292 550 379 612 lllulta
400 549 513 629 quidem
534 552 679 627 excogitat
699 559 808 628 metus,
836 551 888 611 sed
916 567 988 630 quae
1010 569 1096 631 appa·

90 644 172 698 reant
189 637 317 714 quaesita
329 635 364 695 ab
378 635 486 694 invitis:
512 633 587 694 aliud
604 632 818 710 sollicitudinis,
840 632 915 694 aliud
934 637 1095 696 securitatis

90 721 234 798 ingenium
254 728 313 786 est:
336 717 391 778 alia
413 718 534 779 tristium
555 719 698 795 inventio,
729 716 783 778 alia
804 716 1000 794 gaudentium:
1027 737 1096 778 neu·

63 812 164 866 anum
195 801 387 864 simulationes
417 803 621 880 expresserint.
660 798 773 862 liabent
797 819 847 860 sua
871 802 960 861 verba
987 804 1094 879 miseri,

89 905 141 948 sua
162 885 251 946 verba
271 885 391 962 felices,
409 895 498 964 utque
518 886 573 945 iam
590 887 710 946 maxime
732 883 831 944 eadem
850 885 884 944 ab
907 887 1034 964 utrisque
1055 886 1096 946 di·

90 978 206 1047 cautur,
226 969 310 1030 aliter
329 968 468 1030 dicuntur.
500 967 595 1030 Testis
616 971 681 1047 ipse
702 987 735 1030 es
759 969 880 1047 quaein
901 971 1023 1028 omnium
1044 987 1095 1030 ore
1107 971 1146 1036 73

89 1053 207 1115 laetitia.
234 1051 298 1112 Non
313 1055 432 1114 amictus
448 1054 594 1133 cuiquam,
617 1069 674 1112 non
687 1051 799 1112 babitus
814 1070 898 1132 quern
912 1053 996 1113 modo
1014 1063 1095 1114 extu·

89 1137 173 1198 lerat.
203 1134 272 1197 lnde
288 1135 454 1197 resultantia
474 1136 594 1197 vocibus
611 1145 707 1213 tecta,
727 1134 854 1214 nihilque
868 1139 953 1196 tantis
969 1135 1097 1198 clamori·

47 1221 148 1284 lobus
163 1221 231 1281 satis
247 1218 383 1281 clausum.
413 1219 483 1294 Quis
499 1229 566 1280 tnnc
580 1237 637 1280 non
652 1237 668 1278 c
682 1221 808 1296 vestigio
822 1237 875 1279 suo
891 1217 1010 1280 exiluit?
1033 1223 1096 1299 quis

91 1304 229 1365 exiluisse
243 1301 354 1366 sensit?
371 1303 459 1364 lllulta
469 1303 591 1364 lecimus
601 1311 716 1380 sponte,
733 1303 814 1382 plura
828 1304 961 1364 instinctu
976 1304 1096 1382 quodam

90 1397 122 1449 et
136 1389 267 1465 imperio.
292 1387 363 1448 Nam
376 1388 481 1466 gaudio
494 1405 610 1466 quoque
624 1386 749 1464 cogendi
762 1388 807 1447 vis
821 1389 904 1447 inest.
934 1386 1008 1447 Num
1025 1404 1096 1465 ergo

88 1471 206 1532 modum
220 1473 247 1532 ei
260 1481 308 1532 tua
323 1471 424 1534 saltem
438 1470 577 1534 modestia
593 1467 739 1550 inposuit?
760 1470 842 1548 Non,
858 1479 961 1549 quanto
977 1473 1066 1548 magis
1081 1489 1097 1530 a

89 1566 121 1617 te
136 1556 359 1634 reprimebatur,
376 1553 553 1618 exarsimus?
578 1572 635 1615 non
653 1556 845 1632 coutumacia,
863 1554 985 1624 Caesam
1000 1554 1052 1616 sed
1067 1565 1096 1615 ut

47 1643 120 1704 15in
135 1649 182 1699 tua
200 1648 345 1718 potestate
358 1649 403 1700 est
418 1657 453 1701 au
468 1639 657 1717 gaudeamus,
683 1639 721 1698 ita
737 1640 766 1698 in
781 1647 914 1717 quantum
929 1657 985 1700 nec
998 1641 1027 1698 in
1045 1656 1096 1708 no·

91 1733 160 1784 stra.
180 1721 370 1801 comprobasti
382 1733 412 1785 et
426 1726 489 1802 ipse
500 1721 731 1784 adclamationum
745 1731 901 1782 nostrarum
916 1723 999 1782 iidem
1013 1720 1096 1782 lacri-

91 1825 199 1866 marum
212 1816 321 1867 tuaruun
334 1809 466 1868 veritate.
492 1806 618 1867 Vidimus
631 1816 814 1868 umesceutcs
830 1805 931 1867 oculos
945 1816 1028 1882 tuos,
1047 1805 1097 1866 de-

90 1893 266 1970 missumque
277 1891 381 1969 gaudio
394 1891 512 1969 vultum,
526 1899 689 1969 tantumque
700 1891 843 1968 sanguinis
855 1891 883 1949 in
900 1907 951 1950 cre
965 1900 1098 1968 quantum

90 1975 120 2033 in
136 1976 228 2035 animo
241 1975 368 2053 pudoris.
394 1976 491 2053 Atque
507 1974 565 2034 boc
577 1976 666 2052 magis
683 1975 794 2034 incensi
809 1972 905 2034 sumus
919 1984 949 2034 ut
964 1991 1096 2053 precare·

46 2067 83 2119 ao
90 2076 154 2116 mur
168 2077 205 2118 ne
225 2059 336 2137 quando
354 2059 404 2119 tibi
422 2076 479 2119 non
494 2057 593 2120 eadem
611 2075 696 2118 causa
709 2057 902 2136 lacrimarum,
919 2067 1008 2138 utque
1019 2075 1097 2116 num·

92 2159 177 2219 quarn
198 2142 319 2203 frontem
339 2151 414 2202 tuam
437 2184 517 2202 ....
563 2139 626 2202 llcc
649 2143 742 2221 ipsum
762 2142 813 2204 bas
834 2141 922 2204 sedes
943 2160 996 2204 nos
1018 2143 1097 2221 quasi

90 2240 283 2304 responsurus
307 2229 533 2304 interrogemus,
556 2224 714 2286 viderintne
738 2243 868 2303 umquam
894 2227 1032 2304 principis
1058 2225 1097 2284 ln·

93 2310 210 2370 crimas:
242 2319 271 2370 at
289 2319 403 2372 senatus
426 2328 515 2388 saepe
536 2309 678 2371 viderunt.
712 2307 843 2370 Onerasti
862 2309 973 2370 iuturos
995 2311 1098 2388 princi-

91 2410 164 2471 pes,
180 2392 233 2453 scd
245 2404 275 2454 et
286 2403 421 2473 posteros
436 2402 561 2456 nostros.
581 2389 651 2452 Nam
661 2401 691 2453 et
706 2392 734 2453 bi
749 2411 765 2453 a
779 2393 954 2473 principibus
966 2394 1026 2452 suis
1036 2394 1097 2451 exi·

46 2485 83 2538 25
94 2485 166 2554 gcut
181 2486 211 2536 ut
225 2477 324 2538 eadem
339 2478 435 2538 audire
451 2486 626 2554 mereantur,
641 2485 672 2537 et
684 2476 726 2536 illi
741 2475 818 2556 quod
833 2495 890 2538 non
903 2476 1014 2537 audiant
1028 2474 1099 2535 indi·

91 2559 260 2637 gnabuntur.
286 2560 362 2622 Nihil
378 2563 469 2640 magis
484 2579 602 2641 possum
619 2562 736 2641 proprie
750 2559 848 2622 dicere
865 2578 948 2640 quam
964 2559 1041 2640 quod
1057 2558 1097 2618 di·
1108 2572 1149 2636 74

94 2653 170 2703 ctum
191 2652 236 2706 cst
255 2663 271 2705 a
289 2655 392 2706 cuncto
406 2655 523 2723 senatu,
546 2651 577 2705 ‘o
589 2655 619 2706 te
633 2645 777 2706 feliccm’!
809 2644 894 2718 Quod
909 2661 971 2704 cum
986 2645 1097 2704 dicere·

92 2744 173 2804 mus,
189 2744 246 2788 non
258 2746 331 2808 opes
346 2739 409 2792 tuas
423 2729 476 2792 sed
490 2731 609 2790 animum
624 2729 801 2790 mirabamur.
829 2728 882 2790 Est
898 2732 971 2789 enirn
987 2728 1099 2788 demum

92 2827 163 2871 vera
175 2811 298 2873 felicitas
312 2812 450 2876 felicitate
466 2815 581 2892 dignum
598 2813 698 2873 videri.
732 2812 790 2872 Sed
806 2832 869 2874 cum
883 2811 969 2874 multa
984 2812 1034 2875 illo
1052 2811 1098 2872 die

47 2894 169 2956 30dicta
184 2906 248 2957 sunt
263 2898 409 2974 sapienter
430 2906 460 2958 et
476 2899 620 2975 graviter,
640 2907 698 2957 tum
712 2895 758 2958 vel
775 2899 804 2958 iu
820 2901 917 2977 primis
934 2897 1034 2959 ‘crede
1048 2914 1098 2956 no·

94 2978 157 3055 bis,
181 2979 267 3042 crede
282 2979 354 3054 tibi'.
385 2980 487 3059 blegne
502 2982 559 3042 boc
576 2980 678 3042 liducia
692 2984 800 3059 nostri,
827 2985 933 3046 maiore
951 2992 1044 3044 tamen
1059 2979 1098 3040 tui

95 3061 222 3123 diximus.
245 3063 326 3125 Alius
341 3066 416 3126 enim
431 3066 553 3127 iortasse
569 3064 669 3142 alium,
685 3067 778 3144 ipsum
792 3085 826 3127 se
839 3085 923 3128 nemo
937 3065 1097 3143 deceperit.

94 3144 275 3224 lutrospiciat
291 3147 376 3208 modo
388 3150 488 3226 vitam,
504 3168 594 3229 seque
613 3150 680 3229 quid
695 3152 1014 3226 mereaturinterrcget.
1030 3146 1098 3206 Pro·

93 3227 160 3289 inde
171 3229 254 3291 dabat
268 3231 388 3292 vocibus
403 3235 508 3294 nostris
519 3233 603 3293 fidem
617 3233 692 3312 apud
704 3235 838 3310 optimum
850 3234 1008 3310 principem
1022 3230 1098 3310 quod

48 3321 84 3374 35
92 3312 168 3392 apud
183 3313 273 3374 malos
292 3314 466 3377 detrahebat.
501 3315 636 3390 Quamvis
650 3318 724 3376 enim
740 3316 900 3377 laceremus
915 3333 989 3394 quae
1004 3333 1097 3375 aman·

93 3405 139 3456 tes
154 3396 267 3476 solent,
284 3397 327 3459 illi
339 3407 433 3460 tamen
445 3416 503 3460 non
517 3403 601 3461 amari
616 3419 649 3461 se
665 3399 819 3460 credebant
833 3399 897 3462 sibi.
918 3399 1012 3478 Super
1025 3398 1098 3458 baec

93 3483 204 3558 precati
219 3500 315 3543 sumus
330 3493 360 3542 ut
376 3484 419 3544 sic
432 3492 463 3544 te
473 3493 597 3546 amarent
612 3483 649 3544 dii
663 3481 895 3563 quemadmodum
906 3493 937 3544 tu
948 3501 1010 3543 nos.
1027 3480 1097 3555 Quis

93 3561 150 3625 boc
162 3574 209 3624 aut
222 3564 258 3625 de
270 3585 303 3627 se
313 3576 359 3627 aut
373 3568 494 3645 principi
509 3566 618 3630 diceret
628 3567 811 3630 mediocriter
819 3565 942 3629 amanti?
953 3566 1008 3627 Pro
1015 3563 1098 3628 nobis
