2632 4102
410 289 675 352 Eristutnnutt
689 289 712 350 Ι.
734 301 759 355 6.
777 300 802 355 7.
1090 290 1111 354 5

100 455 133 504 ιιι
156 445 232 505 idem
251 445 369 522 saepius
390 444 499 522 dicam,
525 453 650 522 erpeoto
667 442 833 503 blauriaum.
864 441 915 502 Vir
934 452 980 504 est
1001 443 1109 522 gravis,

99 527 243 608 prudens,
261 527 357 588 multis
372 529 577 606 experimentis
594 525 734 606 eruditus,
751 537 784 587 et
798 528 847 605 qui
861 526 956 587 futura
967 528 1061 605 possit
1073 545 1111 588 ex

99 612 269 691 praeteritis
284 609 450 690 providere.
476 609 546 671 ltili
560 618 590 670 et
605 610 760 688 temptandi
773 609 882 689 aliquid
897 619 927 670 et
941 609 1109 689 quiesoendi

99 696 156 756 illo
171 704 290 756 enetore
303 696 376 755 ratio
387 695 540 756 constabit.
560 692 639 754 lluee
650 694 702 754 tibi
718 695 833 773 scripsi,
852 694 918 773 qnia
932 711 1034 754 esaum
1047 702 1109 754 erat
1119 702 1151 759 li

72 787 129 840 tte
148 796 206 858 pro
223 795 318 839 amore
338 789 436 840 mutuo
457 795 516 838 non
530 777 623 839 solum
638 781 731 840 omnia
744 795 807 838 mea
822 778 895 839 ieota
910 777 1044 856 dietaque
1058 795 1108 838 re·

97 881 165 923 rum
180 865 266 924 etiam
281 862 400 924 consilia
415 878 605 940 cognoscere.
638 861 720 923 Vale.

585 993 610 1054 V
626 1038 634 1054 .

304 1095 331 1149 G.
351 1093 478 1148 PLINIUS
496 993 656 1148 CORNEgIO
675 1092 791 1148 tactio
810 1092 870 1146 SUO
883 1091 911 1150 S.

57 1205 89 1255 to
163 1195 304 1275 Ridebis,
320 1206 350 1258 et
368 1195 439 1258 lieet
458 1196 564 1258 rideas.
588 1194 653 1274 Ego
671 1193 722 1256 ille
743 1211 828 1273 quem
848 1196 923 1256 nsti
943 1213 1030 1274 apros
1046 1206 1131 1260 tresl

97 1291 129 1342 et
146 1279 266 1359 quidem
278 1281 487 1360 pulcherrimos
505 1281 581 1359 cepi.
602 1276 692 1358 lpse?
707 1280 811 1356 inquis.
840 1276 922 1357 lpse:
943 1287 1109 1342 nontamen

97 1373 129 1425 nt
147 1365 265 1424 omnino
278 1365 314 1426 ab
335 1366 437 1425 inertia
449 1381 513 1424 mea
528 1372 558 1424 et
579 1365 677 1444 quiete
695 1361 885 1423 discederem.
916 1362 962 1423 ad
975 1364 1048 1423 retia
1063 1383 1109 1424 se·

97 1448 221 1509 debam:
238 1457 298 1509 erat
312 1451 340 1508 in
355 1451 487 1528 proximo
508 1465 565 1518 non
585 1445 756 1508 venabulum
769 1455 817 1506 ant
831 1445 941 1524 lancea,
959 1447 1012 1507 sed
1025 1446 1108 1508 stilus

98 1541 129 1592 et
146 1531 322 1611 pugillares:
334 1532 491 1593 meditabar
500 1531 609 1610 aliquid
620 1531 838 1610 enotabamqne,
853 1539 895 1610 ut,
910 1532 935 1592 si
949 1547 1049 1592 manus
1059 1548 1108 1590 ve·

58 1629 192 1693 leonas,
207 1614 308 1694 plenas
325 1626 418 1677 temen
432 1633 515 1677 ceras
531 1624 718 1694 reportarem.
743 1614 809 1674 Non
822 1623 869 1675 est
886 1614 963 1692 quod
979 1623 1132 1678 nomem-²

98 1717 152 1760 nas
171 1699 230 1760 hoo
241 1699 373 1760 studendi
388 1717 491 1778 genus.
519 1698 622 1759 blirum
642 1707 688 1759 est
705 1707 736 1759 ut
755 1699 864 1760 animus
878 1700 1033 1776 agitatione
1046 1715 1106 1758 mo·

100 1794 197 1862 tuque
220 1786 352 1863 eorporis
377 1787 529 1845 excitetur.
578 1782 637 1842 lam
661 1782 786 1861 undique
810 1781 900 1843 silvae
926 1790 956 1842 et
981 1781 1107 1842 solitudo
1161 1783 1171 1804 '

99 1868 259 1946 ipsumque
281 1867 355 1928 illud
370 1868 515 1930 silentium
537 1866 615 1946 quod
632 1867 777 1928 venationi
792 1865 873 1926 datur
886 1883 987 1944 magna
1000 1867 1107 1944 eogita-

100 1953 192 2012 tionis
206 1953 386 2012 inuitamenta
398 1961 473 2013 sunt.
495 1951 617 2012 Proinde
632 1967 696 2011 oum
707 1950 863 2029 venabere,
878 1950 980 2011 lioebr't
989 1955 1132 2011 anetorei

60 2043 146 2096 tome
163 2044 197 2094 ιιι
212 2037 356 2114 panarium
371 2045 402 2096 et
417 2035 599 2114 lsgmronlam
613 2035 658 2097 sio
670 2036 755 2095 etiam
770 2034 930 2113 pugillares
946 2035 1032 2096 tersa.
1050 2033 1108 2095 llx-

99 2121 228 2262 peqieris
238 2136 295 2179 non
309 2119 426 2180 Dianam
443 2121 534 2197 magis
550 2118 694 2180 montibus
710 2135 794 2198 quern
806 2117 1108 2180 blinersaminerrare.

125 2219 141 2262 a
154 2221 185 2264 e.

62 2457 94 2510 ᾖ
327 2398 354 2452 G.
375 2399 500 2452 PLINIUS
515 2301 657 2453 OOTYAIldlo
675 2399 758 2454 RUFO
777 2400 838 2454 SUO
854 2400 881 2456 S.

164 2501 240 2562 Vide
257 2502 286 2564 in
303 2520 361 2582 quo
377 2520 423 2564 me
437 2502 555 2581 fastigio
572 2503 743 2582 collocaris,
767 2521 831 2564 enm
849 2501 918 2563 mibi
934 2502 1009 2563 idem
1024 2511 1130 2582 pote-1

103 2587 185 2684 statis
206 2585 339 2668 idemque
353 2589 436 2666 regni
456 2586 572 2649 dederis
592 2588 670 2668 quod
685 2585 825 2648 Homerus
841 2584 904 2647 lovi
919 2585 1034 2666 Optimo
1048 2585 1106 2648 tta-

102 2686 120 2728 x

121 2687 235 2851 m³3:31?
249 2761 366 2848 ἕτερον
376 2761 439 2848 μὲν
450 2766 555 2832 ἔδωκε
566 2761 691 2851 πατὴρ,
703 2763 820 2850 ἕτερον
831 2757 865 2830 d'
879 2751 1072 2832 ἆνένευιιεν.

66 2866 175 2929 eoum
195 2886 254 2948 ego
274 2887 392 2948 quoqne
410 2871 497 2932 simili
511 2881 581 2933 nutu
598 2891 633 2934 ao
653 2881 756 2934 renutu
771 2871 950 2951 respondere
966 2881 1037 2933 voto
1058 2881 1133 2940 tuor

104 2969 233 3030 possum.
263 2953 377 3014 Etenim
398 2956 474 3030 sient
492 2956 535 3018 las
552 2966 599 3019 est
618 2957 704 3035 mibi,
729 2957 899 3036 praesertim
914 2964 944 3016 te
959 2957 1106 3035 exigente,

104 3053 242 3100 excusare
256 3037 382 3101 Baeticis
397 3049 496 3102 eontra
505 3057 591 3100 annm
602 3041 746 3101 bominem
756 3040 983 3118 advocationem,
1001 3042 1039 3100 ita
1052 3057 1108 3101 neo

105 3119 168 3182 fidei
189 3131 306 3184 nostrae
332 3140 387 3184 nee
413 3127 589 3186 constantiae
615 3143 699 3205 qnam
719 3124 817 3202 diligis
847 3126 983 3186 convenit
1003 3123 1107 3185 edesse

106 3215 202 3266 sonmo
216 3208 394 3285 provintiam
414 3225 497 3286 qnam
517 3218 561 3269 tot
578 3210 699 3288 oiiioiis,
722 3217 766 3269 tot
778 3208 943 3286 laboribus,
963 3216 1008 3267 tot
1022 3208 1107 3268 etiam

70 3289 244 3366 teperionlis
260 3293 332 3352 meis
348 3291 500 3371 aliqnando
518 3292 705 3355 devinxertn.
740 3291 859 3354 'lensbo
879 3307 950 3370 ergo
963 3290 1021 3351 boo
1035 3299 1129 3356 tem-3

107 3383 308 3453 paramentum,
326 3383 358 3435 ut
372 3393 409 3438 ex
424 3375 536 3437 dnobus
551 3395 673 3456 quornm
685 3375 851 3438 alterutrum
867 3377 944 3454 petis
958 3373 1063 3452 eligam
1078 3375 1107 3437 id

107 3459 200 3533 potius
213 3461 243 3518 in
257 3476 316 3537 qno
329 3477 387 3520 non
405 3459 500 3521 solnm
515 3461 610 3523 studio
625 3471 676 3523 tno
690 3477 791 3523 rernm
804 3463 889 3522 etiem
902 3458 1011 3519 iudieio
1023 3461 1106 3521 satis·

108 3541 212 3610 aciem.
237 3541 341 3623 Neque
356 3545 431 3605 enim
447 3553 525 3606 tanto
540 3562 631 3625 opere
645 3545 714 3606 mibi
730 3542 964 3608 considerandum
978 3553 1025 3605 est
1038 3543 1107 3622 qnid
