2616 4096
405 272 667 335 EPISTULARUM
681 272 758 334 Vlll.
781 283 822 338 14.
1049 270 1110 334 165

111 433 165 483 tam
179 422 294 485 diversa
308 426 492 486 censentium.
514 424 616 503 Adque
628 425 700 485 adeo
713 425 843 503 permitte
858 423 924 484 mibi
938 425 980 486 sic
990 423 1064 502 apud
1081 433 1109 486 te
1120 431 1153 487 ld

110 516 251 586 tamquam
264 509 318 586 ibi,
334 510 377 569 sic
393 518 508 587 peracta
521 527 553 568 re
568 518 705 586 tamquam
718 507 810 567 adbuc
824 508 950 584 integra,
972 508 1109 568 rationem

109 590 204 651 iudicii
219 593 277 651 mei
290 591 429 669 reddere,
451 610 581 671 quaeque
596 600 664 652 tunc
679 591 795 670 carptim
809 592 902 651 multis
919 590 1108 669 obstrepenti·

109 673 160 732 bus
178 673 238 734 dixi
260 693 334 735 nuuc
356 677 510 754 parotium
525 677 653 751 iungere.
680 673 831 752 Fingamus
843 683 902 734 tres
914 675 1025 734 omuino
1039 673 1109 732 iudi·
1121 679 1152 736 17

86 771 159 820 troes
171 759 200 816 in
213 757 288 818 banc
303 775 416 819 oausam
433 757 513 818 datos
528 774 611 834 esse,
635 757 735 818 horum
752 759 798 816 uni
809 755 953 835 placuisse
970 759 1064 835 perire
1077 756 1110 817 li·

109 839 218 918 bertus,
236 841 320 901 alteri
334 841 469 918 relegari,
485 842 569 902 tertio
584 841 709 902 absolvi:
725 850 854 901 utrumne
868 842 1026 902 sententiae
1039 840 1110 900 duae

110 921 221 984 collatis
242 925 350 986 viribus
366 927 545 986 novissimam
563 922 724 1001 periment?
741 943 777 984 an
791 925 943 1002 separatim
958 942 1011 984 una
1025 941 1110 1002 quae·

110 1025 163 1085 quo
179 1008 344 1068 tantundem
359 1017 491 1086 quantum
505 1007 594 1068 altera
608 1007 731 1085 valebit,
750 1026 805 1068 neo
820 1007 909 1084 magis
927 1008 1033 1086 poterit
1048 1025 1111 1067 cum

108 1091 234 1150 secunda
249 1093 339 1169 prima
353 1093 466 1152 conecti
482 1109 564 1169 quarn
576 1091 702 1151 secunda
718 1109 782 1150 curn
795 1087 899 1150 tertia?
922 1089 1011 1168 igitur
1025 1093 1052 1150 in
1064 1110 1109 1152 se·
1122 1097 1153 1150 18

73 1178 171 1234 lonstu
189 1191 307 1253 quoque
322 1175 461 1236 numerari
480 1183 620 1252 tamquam
643 1176 799 1234 contrariae
822 1173 927 1233 debent
949 1191 1022 1252 quae
1043 1183 1110 1234 tarn-

109 1273 189 1334 quam
203 1257 337 1318 diversae
353 1257 492 1326 donatur.
524 1255 608 1331 Quod
626 1259 650 1316 si
665 1276 736 1317 unus
751 1256 842 1334 adque
858 1255 932 1314 idem
948 1264 978 1316 et
990 1255 1111 1335 perden-

109 1338 160 1399 dos
174 1350 313 1402 censeret
329 1351 358 1402 et
370 1339 560 1418 relegandos,
581 1357 647 1399 nunu
667 1357 705 1400 ex
722 1339 861 1400 sententia
875 1341 956 1398 unius
973 1348 1002 1399 et
1015 1341 1110 1417 perire

110 1433 229 1500 possent
244 1433 275 1484 et
294 1421 438 1502 relegari?
457 1441 523 1484 num
537 1424 660 1502 denique
676 1425 788 1483 omnino
806 1441 860 1483 una
877 1424 1017 1483 sententia
1031 1430 1110 1502 puta·

109 1515 185 1566 retur
202 1524 277 1586 quae
299 1517 355 1567 tam
376 1508 488 1569 diversa
515 1505 723 1585 coniungeret?
752 1506 992 1580 Quemadmodum
1013 1507 1109 1584 igitur,
1120 1513 1153 1568 19

77 1597 103 1648 15
112 1607 171 1648 cum
185 1589 260 1651 alter
281 1592 456 1669 puniendos,
475 1590 548 1650 alter
568 1599 685 1652 censeat
699 1590 888 1668 relegandos,
911 1590 1001 1650 videri
1013 1599 1110 1668 potest

110 1690 161 1734 una
175 1676 334 1752 sententia,
355 1676 420 1753 quia
435 1674 537 1735 dicitur
550 1693 566 1734 a
581 1674 707 1752 duobus,
726 1691 797 1751 quae
811 1691 868 1734 non
885 1674 1030 1733 videretur
1044 1691 1109 1751 una,

112 1758 134 1814 si
149 1757 183 1816 ab
200 1775 258 1817 uno
280 1755 442 1818 diceretur?
465 1754 561 1830 Quid?
582 1757 631 1818 lex
645 1775 702 1817 non
721 1766 821 1835 aperte
841 1757 928 1816 docet
949 1756 1038 1834 dirimi
1061 1755 1109 1816 de·

111 1838 179 1899 bere
193 1843 351 1902 sententias
366 1841 525 1903 occidentis
541 1850 570 1900 et
584 1840 756 1919 relegantis,
773 1842 888 1900 sumita
903 1840 1111 1900 discessionem

112 1921 170 1982 lieri
186 1925 279 2001 iubet,
295 1926 355 2003 ‘qui
369 1925 441 1986 baec
456 1925 584 2002 sentitis,
607 1926 634 1984 in
649 1924 721 1985 hanc
735 1933 861 2003 partem,
878 1925 926 2001 qui
940 1922 994 1984 aliu
1007 1923 1110 2001 omnia,

76 2004 339 2087 lbinillampartem
352 2008 459 2087 itaqua
475 2005 626 2068 sentitis'l
647 2006 781 2068 Examina
795 2005 907 2085 singula
920 2006 1007 2066 verba
1022 2016 1051 2067 et
1062 2025 1111 2066 ex·

112 2090 218 2166 pende:
241 2093 302 2170 ‘qui
317 2091 389 2152 haec
405 2094 547 2170 sentitis’,
570 2091 626 2151 boc
648 2100 695 2151 est
721 2093 768 2170 qui
796 2090 968 2168 relegandos
989 2091 1110 2168 putatis:

114 2173 151 2231 ‘in
165 2173 237 2235 hanc
249 2180 383 2253 partem'‚
400 2175 428 2234 id
443 2184 487 2235 est
508 2177 536 2235 in
560 2177 664 2235 camin
680 2193 735 2253 qua
749 2174 832 2235 sedet
847 2177 895 2254 qui
911 2175 1022 2235 censuit
1036 2173 1111 2233 rele-

113 2257 226 2330 gandos.
249 2257 296 2318 Ex
312 2276 369 2337 quo
384 2259 561 2320 manifestum
577 2267 622 2318 est
639 2276 696 2318 non
711 2275 801 2337 posse
817 2260 844 2318 in
857 2257 956 2320 eadem
971 2267 1051 2334 parte
1066 2265 1153 2318 reto

113 2355 222 2402 manere
246 2359 301 2402 eos
322 2343 370 2420 qui
391 2340 602 2403 interficiendos
622 2341 798 2403 arbitrantur.
831 2341 898 2415 ‘Qui
918 2339 971 2401 alia
992 2341 1110 2400 omnia’:

78 2423 106 2476 2⁵
114 2423 306 2486 animadvertis
318 2435 349 2486 ut
357 2442 414 2485 non
426 2435 560 2486 contenta
568 2424 617 2484 lex
627 2425 724 2486 dicere
735 2425 813 2485 ‘alia’
828 2424 966 2487 addiderit
982 2425 1110 2482 ‘omnia'.

113 2501 182 2566 lium
209 2526 282 2586 ergo
309 2508 423 2569 dubium
446 2519 491 2570 est
514 2507 567 2568 alia
591 2511 684 2570 omnia
704 2509 811 2570 sentire
834 2525 886 2570 eos
907 2508 954 2586 qui
978 2506 1111 2566 occidunt

115 2605 191 2665 quum
206 2595 255 2671 qui
270 2589 421 2670 relegant?
447 2591 491 2652 ‘ln
510 2590 585 2651 illam
605 2602 714 2671 partem
734 2594 773 2654 ite
790 2609 843 2670 qua
857 2593 994 2652 sentitis’:
1016 2607 1110 2650 nonne

98 2672 221 2734 videtur
235 2677 300 2754 ipsa
319 2675 367 2736 lex
387 2693 439 2736 eos
460 2677 507 2756 qui
522 2675 690 2736 dissentiunt
708 2677 736 2734 in
754 2675 920 2736 contrariam
937 2683 1046 2753 partem
1059 2691 1110 2734 vo·

117 2771 188 2835 care,
206 2776 325 2837 cogere,
342 2755 504 2838 inpellere?
519 2776 577 2818 non
593 2759 693 2820 consul
709 2760 794 2820 etiam
815 2759 864 2819 ubi
885 2758 1006 2837 quisque
1020 2775 1110 2818 rema·

82 2849 196 2919 dooere,
216 2860 274 2921 quo
294 2843 453 2920 transgredi
477 2843 596 2920 debeat,
625 2861 682 2902 non
695 2851 800 2903 tantum
814 2841 999 2903 sollemnibus
1013 2842 1109 2902 verbis

116 2922 164 2982 scd
181 2943 262 2986 manu
283 2935 427 3004 gestuque
445 2923 639 2987 demonstrat?
663 2926 710 2987 Ad
729 2928 802 2988 enim
816 2926 940 2986 futurum
956 2934 1001 2988 est
1018 2935 1064 3004 ut,
1085 2927 1109 2985 si
1118 2936 1152 2988 tl

117 3001 265 3070 dividantur
280 3011 438 3070 sentcntiae
455 3010 649 3071 interficientis
661 3019 691 3071 et
704 3009 870 3088 relegando,
888 3009 1050 3088 praevaleat
1061 3007 1109 3067 illa

119 3104 184 3164 quae
198 3092 330 3154 absolvit.
348 3092 423 3166 Quid
439 3093 515 3154 istud
526 3093 561 3152 ad
572 3092 747 3156 censentes?
773 3111 845 3174 quos
861 3102 941 3153 certe
956 3109 1012 3151 non
1023 3085 1110 3151 de'oet

120 3175 240 3238 omnibus
255 3178 374 3256 artibus,
391 3179 465 3237 omui
478 3179 588 3238 ratione
602 3195 730 3256 pugnare
744 3197 781 3238 ne
796 3179 842 3238 liat
855 3176 931 3255 quod
946 3184 991 3234 est
1005 3175 1108 3232 mitius.

83 3251 232 3332 tbilportet
250 3270 344 3321 mmen
361 3277 414 3320 cos
435 3262 483 3338 qui
502 3259 619 3339 puniunt
640 3271 670 3322 et
686 3262 734 3340 qui
748 3260 877 3338 relegant
894 3256 1109 3318 absolventibus

120 3339 240 3422 primum,
253 3362 319 3404 mox
331 3345 405 3404 inter
416 3361 449 3403 se
461 3346 628 3422 compamri.
651 3344 770 3405 Scilicet
781 3353 811 3403 ut
822 3345 850 3402 in
861 3339 1036 3420 spectaculis
1048 3340 1109 3418 qui·

120 3417 229 3484 busdam
249 3444 312 3488 sors
333 3427 457 3506 aliquem
477 3431 592 3506 seponit
609 3447 643 3489 ao
663 3437 759 3490 servat
774 3427 822 3507 qui
838 3444 902 3485 cum
915 3427 1025 3484 victore
1041 3440 1109 3483 oon·

121 3505 217 3590 tendat,
234 3511 276 3572 sio
290 3513 318 3572 in
333 3519 434 3572 senatu
451 3521 516 3574 sunt
530 3512 622 3594 aliqua
636 3513 742 3592 prima,
758 3519 823 3570 sunt
837 3507 963 3572 secunda
981 3509 1109 3568 certami-
