2632 4096
217 305 278 369 ltu
636 304 668 368 (l.
690 303 789 366 PLlNl

189 459 304 537 spretis
327 459 451 537 intirma,
476 460 532 536 ipsi
554 458 734 536 enitendum,
758 458 814 536 ipsi
829 455 1030 518 elaborandum
1050 465 1104 516 est.
1135 454 1223 529 Quod

216 542 329 621 quidem
349 560 482 622 semper,
504 543 585 621 quusi
596 541 762 620 provideret
782 541 838 602 hoo
858 549 990 619 tempus,
1012 538 1114 600 sedulo
1134 539 1222 602 iecit:

216 627 325 705 parauit
340 628 465 704 amicos,
491 643 563 705 quos
578 633 727 704 paraverat
742 625 849 702 coluit,
869 641 916 683 me
935 633 1033 701 certe,
1056 632 1087 683 ut
1100 625 1223 701 primum

191 711 271 776 ouini
282 709 406 770 iudicare
422 711 561 788 permisit,
577 709 611 769 ad
626 726 750 770 amorem
767 709 1007 788 imitationemque
1021 705 1142 784 delegit.
1171 707 1224 768 Di·

217 794 293 853 centi
306 793 372 852 milri
388 793 528 853 sollicitus
542 791 670 870 adsistit,
691 791 801 854 adsidet
813 793 958 854 recitanti:
978 792 1075 869 primis
1090 792 1176 852 etiarn
1193 801 1248 862 et5

217 894 281 936 oum
294 878 413 936 maxime
428 877 613 938 nascentibus
627 877 777 954 opusculis
789 877 860 936 meis
874 877 1010 950 interest,
1034 893 1107 935 nunc
1126 875 1223 953 solus,

215 968 280 1020 ante
295 959 471 1036 cumfratre,
487 962 568 1022 cuius
582 977 675 1038 nuper
687 961 783 1022 amissi
797 977 855 1037 ego
871 960 1022 1038 suscipere
1037 969 1148 1039 partes,
1164 977 1224 1037 ego

189 1044 309 1108 tricem
324 1042 418 1104 debeo
431 1043 552 1122 inplere.
582 1043 676 1103 Doleo
692 1045 766 1104 enim
785 1052 814 1104 et
829 1042 909 1104 illum
921 1044 1057 1106 inmatura
1070 1053 1164 1103 morte
1181 1046 1224 1103 in·

217 1124 380 1202 dignissime
395 1137 504 1204 raptum
520 1137 549 1190 et
563 1128 637 1188 huuc
655 1129 753 1207 optimi
770 1127 862 1188 iratris
877 1127 1037 1187 adiumento
1055 1125 1223 1190 destitutum

189 1209 343 1288 tisolisque
358 1213 455 1273 amicis
473 1211 613 1272 relictum.
637 1209 746 1284 Quibus
764 1229 802 1270 ex
816 1213 910 1272 causis
925 1213 1012 1288 exigo
1027 1218 1058 1269 ut
1074 1213 1174 1270 uenias
1193 1221 1223 1271 et
1233 1235 1261 1286 lu

215 1293 351 1371 suffragio
365 1312 431 1356 meo
447 1304 524 1356 tuum
537 1299 647 1374 iunges.
680 1294 850 1356 Permultum
863 1297 983 1357 interest
1001 1311 1064 1354 mea
1078 1303 1109 1354 te
1123 1303 1222 1356 osten·

215 1385 287 1453 tare,
302 1387 397 1438 tecum
412 1381 570 1440 circumire.
601 1378 645 1440 lla
659 1389 704 1440 est
718 1381 871 1440 auctoritas
886 1388 933 1440 tua
947 1388 978 1439 ut
988 1387 1085 1457 putem
1097 1395 1145 1438 me
1161 1378 1224 1440 eii·

190 1463 313 1524 acacius
328 1470 423 1521 tecum
437 1464 521 1523 etiam
536 1479 618 1523 meos
632 1464 739 1524 amicos
752 1472 925 1541 rogaturum.
951 1463 1110 1541 Abrumpe,
1124 1465 1151 1524 si
1167 1480 1223 1541 qus

216 1553 246 1604 te
260 1544 397 1605 retinent:
418 1546 475 1605 hoc
490 1555 604 1626 tempus
620 1563 731 1624 meum,
752 1546 808 1606 lroc
823 1545 910 1624 iides,
927 1548 984 1608 boc
1000 1547 1083 1606 etism
1099 1545 1223 1624 dignitas

216 1625 349 1705 postulat.
383 1627 506 1708 Suscepi
530 1629 722 1708 candidatum,
744 1639 773 1690 et
794 1634 961 1709 suscepisse
983 1648 1029 1690 me
1046 1637 1144 1689 notum
1161 1639 1260 1698 est·15

217 1727 273 1789 ego
293 1712 403 1791 ambio,
424 1730 482 1790 ego
501 1714 666 1792 periclitor:
691 1716 719 1774 in
738 1731 862 1788 summa,
883 1717 908 1775 si
924 1714 1004 1775 detur
1016 1711 1122 1774 Nasoni
1144 1712 1222 1792 quod
1302 1759 1303 1766 r

216 1798 299 1874 petit,
314 1794 390 1856 illius
404 1796 509 1866 honor;
524 1799 549 1857 si
561 1808 692 1877 negatur,
708 1815 771 1858 mea
784 1797 901 1874 repulsa
915 1808 969 1860 est.
990 1794 1072 1856 Vale.

687 1929 751 1991 vll.

446 2030 474 2084 c.
494 2030 618 2083 rutulus
637 2031 842 2082 corruamus
859 2030 945 2082 suun
964 2031 990 2080 s.
1230 2064 1260 2116 Ἃ

191 2143 206 2194 1
277 2130 384 2190 Scribis
399 2140 427 2190 te
439 2131 566 2192 absentia
580 2150 643 2192 mea
658 2150 713 2192 nou
726 2131 908 2193 mediocriter
921 2133 1004 2194 adiici
1017 2151 1161 2214 unumque
1173 2134 1221 2194 ba·
1301 2119 1302 2188 ἶ

217 2217 288 2276 bere
306 2213 452 2293 solacium,
469 2215 544 2294 quod
560 2233 613 2294 pro
627 2232 674 2276 me
687 2215 801 2277 libellos
813 2232 894 2278 meos
909 2226 1020 2295 teneas,
1034 2234 1124 2296 saepe
1136 2219 1223 2279 etiam

191 2301 245 2362 uin
255 2300 378 2376 uestigio
399 2317 464 2360 meo
480 2298 627 2362 conloces.
658 2299 772 2360 Gratum
786 2308 831 2361 est
848 2299 924 2378 qnod
935 2319 988 2362 nos
1000 2303 1141 2380 requiris,
1156 2320 1221 2379 gra·

215 2391 274 2442 tum
295 2381 371 2461 quod
384 2383 428 2444 his
443 2383 576 2444 fomentis
590 2383 768 2462 adquiescis:
795 2386 917 2444 invicem
932 2401 989 2464 eqo
1004 2386 1141 2464 epistulas
1157 2396 1221 2446 tuas

216 2466 316 2527 lectito
332 2466 423 2545 adque
446 2466 598 2528 identidem
619 2469 647 2526 iu
668 2483 765 2528 manus
787 2469 867 2547 quasi
886 2486 973 2529 novus
994 2484 1089 2536 sumo;
1113 2469 1168 2529 sed
1184 2485 1259 2538 eous

189 2551 305 2627 tmagis
319 2549 355 2611 ad
372 2550 543 2612 desiderium
563 2553 602 2612 tui
622 2550 774 2612 accendor.
803 2550 875 2610 Nam
890 2554 970 2614 euius
986 2551 1098 2613 litterae
1113 2561 1221 2614 mutum

216 2633 321 2695 habent
335 2636 497 2711 suavitatis,
520 2635 603 2695 buius
617 2635 795 2696 sermonibus
811 2644 944 2714 quantum
957 2635 1115 2698 dulcedinis
1129 2635 1220 2698 inest!
1300 2707 1301 2716 ἵ

218 2715 259 2776 Τιι
273 2726 365 2778 tamen
380 2735 463 2796 quarn
478 2718 709 2798 frequentissime
723 2719 835 2797 scribe,
857 2717 926 2781 lieet
948 2720 1005 2781 lroo
1020 2721 1059 2780 ita
1072 2737 1118 2780 me
1135 2720 1219 2782 dels-

218 2808 277 2860 ctet
290 2810 321 2859 ut
335 2808 476 2877 torqueat.
504 2802 584 2864 Vale.

679 2933 755 2995 vm
1226 2905 1258 2958 30

513 3034 540 3088 G.
557 3035 681 3087 PLINIUS
695 3035 808 3087 Putsco
826 3035 887 3088 SUO
903 3033 929 3092 S.

193 3148 207 3200 1
279 3137 396 3199 Atilium
411 3136 598 3201 crescentem
612 3149 642 3200 et
655 3141 730 3202 nosti
742 3150 772 3201 et
781 3158 867 3202 amus.
890 3139 960 3214 Quis
974 3143 1049 3202 enim
1062 3141 1140 3202 illum
1151 3159 1218 3220 spe·
1299 3175 1300 3237 t

218 3222 319 3283 otntior
335 3221 419 3301 paulo
439 3233 486 3284 aut
505 3239 562 3283 non
583 3225 662 3284 novit
682 3232 730 3284 aut
751 3241 809 3284 non
830 3221 923 3285 amat?
950 3223 1032 3286 llunc
1047 3243 1104 3303 ego
1117 3241 1174 3287 non
1187 3236 1219 3286 ut

190 3305 293 3368 imulti
309 3306 361 3366 scd
372 3308 512 3368 artissime
525 3306 622 3384 diligo.
655 3305 767 3385 Oppida
780 3316 878 3370 cosma
892 3311 973 3370 unius
988 3307 1045 3368 diei
1061 3311 1162 3370 itinere
1176 3308 1255 3376 dist

214 3390 364 3450 rimuntur:
391 3391 447 3467 ipsi
468 3409 561 3451 amare
579 3391 717 3467 invicem,
743 3393 790 3469 qui
811 3401 856 3454 est
877 3391 1108 3470 flagrantissimus
1127 3409 1216 3467 aanor,

215 3471 422 3534 adulescentuli
443 3477 600 3552 coepimus.
630 3471 732 3535 biausit
746 3474 793 3534 bic
809 3484 929 3554 postea,
954 3493 1009 3537 nec
1024 3475 1134 3537 refrixit
1146 3476 1215 3537 iudi·

217 3556 262 3614 oio
286 3555 338 3616 sed
360 3553 486 3615 invaluit.
528 3557 627 3618 Sciunt
650 3559 697 3636 qui
720 3555 883 3619 alterutrum
904 3568 1031 3620 nostrum
1056 3559 1215 3621 familiarius
