2616 4096
213 307 276 370 ala
517 303 551 364 G.
572 301 670 363 PLlNl
688 300 737 361 ΕΤ
758 298 915 362 uumnnl

541 433 565 472 *i
590 451 834 533 xu.[xuvru1.]

551 553 717 605 TRAIANUS
734 552 841 604 PLINIO
857 551 883 604 S.

190 663 206 714 1
278 641 354 715 Quid
369 650 499 722 oporteat
522 641 583 702 lieri
602 642 680 699 circa
700 636 839 699 theatrum
861 637 937 717 quod
961 635 1126 696 inchoatum
1146 636 1220 716 apud

214 724 392 787 Nicaeenses
412 735 457 786 est
477 727 507 785 in
526 735 559 784 re
581 725 726 802 praesenti
747 722 854 800 optime
877 720 1050 782 deliberabis
1066 728 1097 780 et
1115 722 1220 780 eonsti-

215 819 289 872 tues.
323 808 391 869 blibi
409 808 533 869 sulliciet
550 807 666 867 indicari
688 807 733 866 eui
753 807 913 867 sententiae
934 805 1107 866 accesseris.
1142 802 1242 877 'lance

215 902 308 953 autem
322 910 339 952 a
355 893 472 970 privatis
483 892 561 968 exigi
576 907 665 970 opera
681 890 731 950 tibi
752 906 837 950 curae
853 891 901 968 sit,
918 887 1143 963 commeabam,
1156 905 1220 967 pro·

189 986 280 1056 apter
295 975 371 1054 quod
392 974 440 1035 illa
460 977 600 1054 promissa
618 984 698 1052 suut,
722 973 828 1034 factum
849 975 913 1034 erit.
947 969 1107 1048 Gymnasiis
1128 971 1221 1031 indul-

216 1071 285 1138 gent
306 1057 454 1126 Graeculi;
477 1059 545 1120 ideo
566 1058 684 1120 forsitan
706 1055 884 1120 Nicaeenses
908 1058 1014 1116 maiore
1036 1057 1131 1116 animo
1155 1072 1220 1116 con-

216 1145 401 1204 structionem
421 1145 485 1206 eius
507 1142 637 1222 adgressi
655 1151 735 1202 sunt:
758 1139 813 1201 sed
832 1149 946 1220 oportet
965 1138 1033 1200 illos
1051 1158 1088 1199 eo
1103 1149 1221 1201 contan-

189 1237 261 1296 3tos
276 1247 343 1290 esse
359 1227 436 1308 quod
450 1229 542 1307 possit
553 1226 595 1287 illi
609 1225 754 1287 sulficere.
784 1223 857 1297 Quid
877 1221 1131 1303 Claudiopolitanis
1147 1223 1256 1283 circalt

217 1311 377 1390 balineum,
395 1313 472 1392 quod
488 1329 603 1391 parum,
620 1319 650 1372 ut
665 1310 786 1386 scribis,
802 1309 908 1368 idoneo
922 1307 989 1368 loco
1003 1307 1220 1383 inchoaverunt,

217 1395 389 1456 suadendum
409 1399 445 1457 sit
463 1406 493 1457 tn
514 1397 681 1456 constitues.
709 1391 868 1454 Amhitecti
889 1393 940 1453 tibi
961 1392 1067 1453 deesse
1082 1409 1142 1452 non
1155 1408 1222 1472 pos-

217 1490 293 1540 sunt.
324 1477 407 1539 Nulla
430 1481 576 1558 provincia
597 1489 642 1539 est
657 1495 730 1556 quae
745 1493 802 1537 nou
816 1478 926 1556 peritos
944 1485 973 1537 et
986 1477 1157 1554 ingeniosos
1171 1476 1221 1536 bo-

216 1564 307 1623 mines
322 1562 439 1632 babeam
460 1562 546 1624 modo
566 1582 603 1623 ne
626 1563 773 1623 existimes
787 1561 903 1621 brevius
917 1579 985 1622 esse
1001 1561 1036 1620 ab
1052 1561 1123 1620 urbe
1138 1563 1220 1637 mitti,

218 1665 282 1707 cum
296 1665 333 1708 ex
348 1645 466 1708 Graecia
484 1649 568 1708 etiam
585 1646 620 1706 ad
637 1663 690 1707 nos
702 1647 802 1706 venire
819 1644 897 1705 soliti
912 1645 978 1705 siut.
1229 1637 1255 1688 1⁵

646 1759 718 1822 XLl.
752 1760 784 1821 ι.

440 1862 469 1912 o.
485 1860 611 1914 pumma
627 1762 773 1912 ιιιιιιξι
786 1762 1002 1911 1ιιιιιιιιοιι.

195 1974 210 2024 1
282 1963 405 2024 Intuenti
418 1963 486 2023 mibi
501 1973 530 2024 et
544 1963 674 2024 lortuuae
695 1973 760 2024 tuae
780 1973 810 2024 ct
824 1964 907 2024 animi
921 1960 1143 2039 magnitudinem
1158 1978 1223 2021 con·

217 2049 460 2107 venientissimum
473 2046 587 2107 videtur
608 2046 792 2108 demonstrari
814 2065 902 2128 opera
921 2064 979 2106 uon
995 2047 1085 2105 miuus
1100 2045 1257 2105 aeterni-bt

218 2140 276 2190 tate
294 2140 340 2190 tua
364 2147 445 2207 quam
462 2129 553 2208 gloria
574 2129 658 2208 digna
681 2141 871 2210 quantumque
886 2129 1104 2209 pulchritudinis
1118 2137 1223 2189 tanturn

191 2213 345 2274 butilitatis
366 2213 503 2274 habitura.
537 2212 590 2274 Est
610 2217 637 2274 in
654 2213 903 2276 Nicomedensium
917 2215 1019 2274 linibus
1033 2211 1222 2292 amplissimus

219 2298 313 2359 lacus:
330 2315 384 2376 per
398 2297 473 2358 huuc
490 2315 627 2358 marmora
642 2299 751 2360 tructus
766 2299 842 2378 ligna
854 2299 988 2360 materiae
1000 2307 1029 2357 et
1040 2307 1156 2375 sumptu
1165 2313 1223 2355 mo·

220 2382 284 2443 dico
302 2393 331 2443 et
353 2382 452 2443 labore
480 2401 571 2462 usque
595 2382 630 2441 ad
650 2384 723 2442 viam
743 2384 879 2460 navibus,
903 2381 970 2442 inde
989 2398 1091 2460 magno
1112 2381 1221 2455 labore,

219 2469 325 2528 maiore
341 2465 476 2544 inpendio
492 2466 632 2526 vehiculis
647 2466 683 2526 ad
696 2485 773 2529 mare
785 2466 971 2528 devehuntur.
988 2510 996 2525 .
1009 2508 1018 2525 .
1031 2507 1058 2524 ..
1073 2463 1137 2525 lloe
1150 2471 1256 2543 opustt

219 2551 321 2612 multas
343 2568 441 2612 manus
461 2552 572 2629 poscit:
598 2560 626 2610 at
648 2568 700 2611 ιιι
720 2569 808 2630 porro
827 2569 885 2612 non
904 2550 1017 2612 desunt.
1053 2547 1126 2608 Nam
1146 2558 1177 2608 et
1197 2550 1223 2606 iu

219 2637 296 2713 agris
317 2653 417 2712 magna
441 2636 526 2712 copia
546 2643 591 2695 est
607 2634 750 2694 hominum
765 2645 796 2695 et
809 2637 927 2694 maxim
940 2635 968 2694 iu
985 2635 1118 2710 civitate,
1133 2641 1223 2692 certa·

220 2736 275 2797 que
296 2736 365 2795 spes
390 2736 488 2779 omnes
507 2718 696 2780 libentissime
715 2719 903 2796 adgressuros
927 2736 1000 2797 opus
1023 2716 1153 2777 omnibus
1169 2715 1224 2774 iru-

193 2808 359 2862 3etuosum.
395 2802 535 2880 Superest
557 2812 588 2862 ut
604 2814 634 2864 tu
656 2802 820 2863 libratorem
840 2801 887 2862 vel
907 2801 1109 2875 architectum,
1132 2801 1159 2860 si
1176 2798 1225 2859 tibi

220 2884 373 2960 videbitur,
388 2887 480 2946 mittas
498 2887 545 2964 qui
560 2885 713 2964 diligenter
727 2885 858 2965 exploret
873 2888 948 2946 sitne
959 2885 1039 2946 lacus
1049 2882 1134 2945 altior
1144 2883 1223 2958 mari,
1232 2892 1259 2948 ιι

220 2986 305 3048 quem
320 2969 443 3030 artifices
458 2971 585 3047 regionis
599 2969 681 3032 buius
697 2970 879 3049 quadraginta
893 2970 996 3031 cubitis
1012 2968 1142 3029 altiorem
1157 2985 1225 3032 esse

194 3051 405 3114 tcontendunt.
438 3050 503 3131 Ego
526 3071 578 3130 per
596 3054 696 3115 eadem
713 3054 779 3116 loea
792 3055 905 3116 inuenio
923 3054 1031 3117 iossam
1044 3071 1061 3114 a
1074 3070 1146 3131 rege
1161 3069 1226 3131 per·

222 3154 349 3200 cuasam:
371 3136 423 3198 sed
437 3139 577 3198 incertum
597 3149 689 3199 utrum
707 3138 741 3199 ad
757 3138 949 3217 colligendum
963 3155 1089 3199 umorem
1107 3138 1226 3197 circum-

220 3223 372 3284 iacentium
380 3240 513 3300 agrorum
521 3240 557 3283 au
568 3222 603 3282 ad
615 3223 844 3285 committendum
854 3222 959 3283 dumini
969 3222 1073 3283 lacum.
1087 3219 1141 3282 Est
1153 3221 1228 3280 enim

220 3306 393 3385 iuperlecta;
414 3306 470 3368 hoc
482 3322 597 3387 quoque
610 3308 741 3384 dubium,
753 3309 915 3386 intercepto
926 3325 998 3384 rege
1010 3303 1182 3365 mortalitate
1193 3308 1261 3365 anet

196 3389 379 3469 sussperno
399 3392 495 3471 operis
513 3391 630 3452 ellectu.
664 3390 723 3452 Sed
733 3391 791 3453 boc
806 3395 873 3472 ipso
884 3391 978 3470 (feres
991 3391 1066 3451 enim
1078 3405 1126 3448 me
1140 3389 1228 3448 ambi·

223 3476 328 3536 norum
345 3491 398 3553 pro
410 3484 458 3535 tua
472 3473 580 3554 gloria)
600 3477 704 3536 incitor
724 3485 754 3536 et
768 3475 912 3538 accendor
926 3485 956 3534 ut
970 3475 1082 3553 cupiam
1096 3474 1229 3551 pengia

223 3565 252 3615 te
269 3576 342 3636 quae
358 3566 464 3619 tautum
479 3569 636 3637 coeperant
649 3577 747 3638 reges.
