2614 4104
214 277 277 344 282
644 277 679 339 G.
697 275 796 338 Pbllll

216 435 357 494 timentur.
383 429 468 491 Tuum
485 432 666 492 securitatem
681 447 738 488 nou
751 446 831 488 mora
841 431 1019 507 nuntiorum,
1043 445 1102 490 nou
1117 430 1224 492 littera·

215 535 278 577 rum
293 513 408 578 tarditas
419 515 522 576 differt.
543 515 609 574 Scis
623 514 674 574 tibi
688 513 797 592 ubique
810 514 911 589 iurari,
927 531 991 574 cum
1005 516 1071 592 ipse
1085 516 1225 576 iuraveris

217 599 357 664 omnibus.
388 597 479 659 Nemo
499 599 555 657 boc
570 598 694 657 sibinen
709 604 843 674 praestat.
874 595 1006 660 Aruernus
1021 597 1138 676 quidem
1151 608 1182 659 te
1196 601 1225 658 in

217 693 350 763 quantum
363 684 496 749 mereris;
513 680 587 742 istud
596 691 688 741 tamon
697 683 806 739 nontni
816 679 937 740 iacimus
949 697 1045 741 amore
1055 681 1111 742 sed
1121 685 1225 758 nostri,

216 785 272 828 nec
290 783 419 844 umquam
437 763 598 826 inlucescat
621 765 762 842 diesque
783 779 837 842 prc
858 772 889 824 te
910 773 1057 842 nuncupet
1075 776 1146 826 vete
1167 779 1250 828 none

216 850 321 912 utilitas
336 857 432 910 nostm
441 848 587 926 sediides,
599 847 715 909 Caesar.
732 846 835 926 'lurpis
846 846 936 908 tutela
947 849 1083 926 principis
1098 853 1146 909 cui
1159 860 1226 928 pot·

217 943 263 995 est
280 934 409 1011 inputari.
438 930 527 1003 Queri
546 931 618 992 libet
632 933 709 1010 quud
726 933 755 990 in
770 940 884 991 secreta
897 940 995 990 nestra
1009 947 1065 990 non
1081 933 1225 1012 inquirant

215 1018 361 1098 principes
375 1017 430 1077 nisi
444 1032 517 1093 quos
531 1015 652 1074 odimus.
672 1013 779 1074 Namsi
790 1013 891 1073 eadem
901 1031 970 1074 cura
981 1015 1064 1073 bonis
1078 1033 1153 1094 quae
1168 1035 1227 1076 rna·

216 1102 251 1162 lis
265 1109 357 1176 esset,
373 1117 456 1177 quam
470 1099 577 1176 ubique
591 1098 802 1158 admirationem
817 1099 868 1174 tui,
883 1097 960 1175 quod
974 1097 1225 1175 gaudiumexulta·

215 1187 379 1262 tionemque
395 1181 643 1260 deprehenderes!
658 1198 731 1260 quos
746 1183 868 1240 omnium
880 1198 944 1242 cum
957 1183 1264 1260 coniugibusacli·1c

219 1269 309 1345 beris,
319 1284 391 1346 qnos
398 1267 482 1328 etium
490 1284 553 1326 cnm
561 1265 727 1326 domesticis
737 1267 793 1326 aris
804 1264 936 1344 iocisque
945 1266 1108 1326 sermones!
1123 1265 1224 1328 Scires

217 1454 273 1514 pue
289 1436 443 1510 contraria,
459 1434 517 1494 boc
528 1451 665 1516 pepquam
675 1431 767 1493 simile
779 1433 883 1492 babent
894 1432 971 1510 qnod
982 1433 1021 1494 ibi
1032 1434 1224 1512 intemperant·
1293 1505 1294 1518 ,

165 1519 208 1579 69
217 1521 273 1578 tius
287 1533 410 1594 amamus
423 1516 517 1577 bonos
532 1518 695 1595 principes,
715 1517 763 1577 ubi
780 1515 897 1576 liberius
910 1513 1001 1576 malos
1016 1514 1138 1576 odinum.
1168 1515 1224 1577 Ce-

217 1603 284 1681 pisti
305 1609 399 1661 tamen
417 1608 447 1661 et
459 1599 590 1661 adiectus
604 1603 694 1660 nostri
709 1609 740 1660 et
755 1597 852 1668 indicii
868 1601 1111 1678 experimentum,
1134 1613 1263 1679 quan-15

217 1695 277 1746 tum
291 1685 440 1744 maximum
450 1701 589 1762 praesens
606 1685 712 1762 capere
729 1685 864 1763 potuisti,
879 1681 931 1742 illo
945 1684 992 1742 dic
1008 1699 1067 1762 quo
1082 1683 1224 1745 sollicitu-

218 1769 275 1829 dini
297 1769 455 1848 pudoriqne
470 1769 680 1829 candidatorum
694 1770 732 1828 ita
750 1766 918 1827 consuluisti
933 1783 971 1826 ne
985 1766 1072 1827 ullius
1088 1767 1223 1846 gaudium
1293 1801 1294 1844 3

217 1853 335 1914 alterius
350 1855 460 1913 tristitia
472 1853 607 1913 turbaret.
628 1851 685 1910 Alii
700 1867 764 1911 cunr
776 1850 894 1926 laetitia,
909 1847 956 1909 alii
973 1867 1036 1908 cum
1052 1867 1108 1928 spe
1122 1869 1224 1912 reces-
1293 1845 1294 1908 ἶ

218 1945 331 1997 serunt:
349 1935 442 1996 multis
457 1935 668 2013 gratulandum,
683 1951 767 1994 nemo
781 1933 972 1994 consolandus
987 1933 1049 1993 fuit.
1076 1932 1142 1994 Nec
1158 1934 1225 1994 ideo
1293 1939 1294 1985 l

218 2020 335 2095 segnius
350 2020 468 2079 invenes
480 2028 595 2079 nostros
609 2019 773 2078 exhortatus
784 2036 817 2078 es
828 2025 956 2079 senatum
967 2017 1162 2095 circumirent,
1177 2029 1263 2080 som

217 2104 294 2161 nutui
308 2101 518 2180 supplicarent,
539 2112 626 2181 atque
640 2105 679 2162 ita
694 2120 709 2161 a
725 2101 854 2179 principe
869 2110 1018 2177 sperarent
1033 2100 1178 2180 bonores,
1200 2105 1224 2162 si

218 2204 234 2245 a
250 2194 348 2246 senatu
364 2186 515 2261 petissent.
534 2183 600 2260 Qua
613 2186 727 2265 quidem
740 2188 769 2256 in
780 2185 864 2262 loco,
881 2186 906 2244 si
922 2185 1023 2261 quibus
1035 2201 1112 2261 opus
1124 2203 1225 2246 erem·

218 2269 286 2349 plo,
303 2268 433 2330 adiecisti
447 2276 477 2330 at
491 2280 520 2331 te
535 2269 716 2331 imitarentur.
744 2268 888 2344 Arduum,
911 2265 1036 2345 crem,
1059 2269 1225 2348 exemplum

218 2363 248 2414 et
270 2351 346 2432 quod
369 2354 468 2412 imitari
488 2371 544 2413 non
557 2356 646 2431 magis
660 2355 806 2432 quisquam
821 2350 1029 2412 candidatorum
1046 2369 1131 2430 quarn
1147 2355 1225 2432 prin-

217 2439 313 2580 3ipum
326 2439 440 2580 possip.u
450 2436 520 2509 Quis
533 2439 608 2496 enim
617 2436 736 2579 ,veltuuto
751 2436 986 2578 ᾱῑςιῖονζοτοηὶἰοι·
999 2443 1117 2496 senatus
1130 2435 1263 2579 tang-tt

265 2539 283 2579 u
334 2537 395 2579 uam
493 2534 1063 2579 ummnrvraumrorsoemorc
1098 2536 1163 2579 nor
1214 2551 1224 2564 ·

218 2539 266 2665 c:s
281 2537 509 2665 Jeqfflpp,};22
527 2537 573 2663 Λῒι
588 2602 661 2663 aliud
677 2621 693 2662 a
707 2612 737 2662 te
751 2619 833 2682 quarn
847 2537 963 2663 sgnum
974 2536 1137 2664 rgveregtia
1150 2539 1226 2664 olbti·

215 2691 274 2747 nuit
295 2697 327 2747 ut
346 2687 495 2748 iuvenibus
512 2686 683 2748 clarissimae
698 2687 793 2764 gentis
808 2685 935 2747 debitum
949 2687 1051 2763 generi
1071 2684 1224 2764 bonorem,

217 2770 270 2831 scd
280 2779 345 2830 cute
361 2787 442 2849 qnam
456 2771 626 2848 deberetur,
643 2768 784 2831 olierresi
802 2769 927 2832 'landem
939 2785 1011 2846 ergo
1020 2769 1157 2831 nobilitas
1168 2788 1225 2830 non

217 2853 403 2930 obscuratur,
418 2852 471 2912 sed
487 2855 652 2916 inlustratur
664 2871 681 2914 a
694 2856 840 2933 principe:
857 2853 969 2913 tandem
983 2852 1049 2912 illos
1066 2854 1223 2930 ingentium
1232 2863 1262 2916 ³⁰

216 2938 339 2997 virorum
349 2944 490 3013 nepotes,
506 2937 572 2997 illos
584 2947 718 3016 posteros
730 2937 868 2998 libertatis
881 2955 937 2997 nec
948 2945 1039 2997 terret
1048 2934 1159 2998 Caesar
1169 2955 1224 2998 uec

217 3029 317 3101 pavet;
344 3022 411 3098 quin
433 3021 517 3079 immo
537 3021 678 3082 festinatis
697 3021 852 3082 honoribus
867 3019 1121 3099 amplificatatque
1136 3031 1224 3098 auget

217 3114 248 3166 et
266 3105 417 3166 maioribus
437 3106 497 3166 suis
517 3105 620 3166 reddit.
651 3105 682 3165 Si
699 3105 766 3184 qnid
780 3121 897 3184 usquam
913 3106 1010 3181 stirpis
1023 3106 1177 3182 mtiquae,
1199 3106 1224 3166 si
1292 3165 1293 3188 ,

216 3189 283 3269 quid
297 3188 428 3250 residuae
445 3188 598 3267 claritatis,
622 3189 678 3248 boc
692 3189 870 3266 amplexatur
883 3195 913 3249 et
927 3187 1041 3248 reicvet
1059 3195 1088 3247 et
1102 3189 1131 3246 iu
1142 3205 1224 3250 usum
1292 3189 1293 3210 ¹

215 3275 258 3333 rei
273 3272 406 3351 publicae
421 3275 534 3350 promit.
563 3273 634 3332 Sunt
648 3275 676 3332 in
690 3272 799 3334 bonore
813 3271 955 3332 bominum
971 3273 1041 3331 etin
1057 3271 1170 3332 bonore
1183 3272 1260 3334 tour
1292 3269 1293 3280 ’

214 3373 277 3416 mae
292 3373 391 3432 magna
405 3359 515 3416 nomina
533 3373 571 3416 ex
587 3357 714 3417 tenebris
729 3355 881 3417 oblivionis
891 3355 1065 3433 indulgentia
1076 3353 1221 3434 Caesaris,

117 3443 127 3460 ⁶
165 3437 207 3501 to
218 3440 299 3498 cuius
311 3438 368 3498 boc
382 3448 427 3500 est
440 3445 470 3498 ut
481 3438 594 3500 nobiles
607 3449 637 3500 et
649 3448 840 3502 conservetet
850 3440 964 3500 eidclat.
979 3437 1145 3499 Praeiuerut
1158 3456 1218 3517 pro

215 3521 325 3579 vinciae
338 3529 472 3597 quaestor
484 3539 556 3582 nnus
570 3540 607 3582 ex
622 3522 787 3601 candidatis,
801 3525 887 3602 inque
898 3540 931 3584 ea
947 3523 1068 3587 civitatis
1083 3522 1211 3601 ampliss.
