2632 4102
222 283 261 349 18
641 279 675 342 0.
699 279 796 342 ruint

220 438 358 516 accipiat;
374 433 485 515 quodsi
500 443 639 512 negetur,
654 433 731 494 nulla
745 432 876 510 oratoris,
891 433 1010 491 maxima
1023 430 1125 494 iudicis
1141 432 1227 513 culpa

130 534 143 571 t
179 540 211 591 11
223 529 277 585 est.
299 519 410 582 Adsunt
423 517 491 579 lruic
505 519 631 597 opinioni
644 535 725 595 meac
737 516 833 594 leges,
851 533 924 594 quae
938 513 1102 593 longissima
1114 525 1227 595 tempo·

222 625 253 666 ra
274 604 431 682 largiuntur
449 621 506 662 nec
527 602 695 662 breuitatem
709 601 869 672 dicentibus
884 598 936 660 sed
958 600 1080 678 copiam,
1103 600 1160 661 hoc
1179 611 1227 663 est

222 688 395 767 diligentiam
407 684 541 754 suadeut3
556 703 638 764 quam
648 693 792 763 praestare
805 684 858 743 nisi
869 685 897 742 in
908 684 1116 760 angustissimis
1131 687 1226 746 causis

181 787 212 842 ιν
222 792 279 835 uon
295 780 393 852 potest
407 769 541 829 breniae.
568 768 697 828 Adiciam
710 765 787 847 quod
800 785 847 828 me
867 764 964 828 docuit
981 784 1067 845 usus,
1090 770 1255 844 magister5

222 857 367 934 egregius.
393 851 572 931 Frequenter
586 853 651 930 egi,
671 852 839 930 frequenter
855 850 994 927 iudicari,
1016 851 1183 930 frequenter
1196 855 1227 913 in

224 940 344 1002 consilio
358 938 413 998 lui:
425 935 501 996 aliud
517 934 590 996 alios
604 944 718 1013 movet,
730 953 766 996 ac
779 935 948 1013 plerumque
962 951 1066 1012 parrae
1080 953 1128 996 res
1139 939 1227 996 maxi·

222 1022 407 1082 mastrahunt.
425 1019 729 1080 Variasuuthominum
742 1018 856 1096 iudicia,
870 1016 1149 1081 rariaeroluntatcs:
1158 1020 1226 1080 inde

223 1108 271 1186 qui
287 1105 406 1166 eandem
420 1120 533 1164 causam
544 1101 627 1163 simul
638 1093 795 1180 audierunt,
814 1120 903 1181 saepe
915 1101 1069 1180 diversum,
1086 1103 1227 1162 interdum

182 1203 214 1256 13
222 1190 312 1267 idem,
328 1188 380 1250 sed
398 1205 435 1247 ex
449 1185 571 1248 diversis
586 1189 669 1246 animi
688 1186 811 1247 motibus
831 1187 963 1248 sentiunt.
988 1185 1140 1246 Praeterea
1155 1205 1226 1248 snae
1236 1202 1271 1255 lt

222 1275 343 1354 quisque
358 1272 511 1332 inventioni
527 1271 603 1332 lavet
619 1279 650 1331 et
664 1270 744 1348 quasi
758 1269 940 1330 fortissimum
953 1269 1144 1348 amplectitur,
1161 1290 1227 1332 cum
1303 1323 1304 1336 ,

223 1359 258 1418 ab
272 1357 329 1418 alio
345 1356 450 1416 dictum
466 1364 511 1415 est
528 1354 604 1433 quod
620 1357 683 1432 ipsc
697 1353 846 1433 praevidit.
866 1352 1002 1414 Omnibus
1018 1371 1090 1432 ergo
1106 1354 1227 1414 dandum

104 1480 112 1495 κ
183 1454 216 1508 14
224 1451 270 1504 cst
285 1439 391 1519 aliquid
405 1438 482 1518 quod
495 1447 622 1515 teneant,
639 1438 717 1516 «prod
731 1446 896 1516 agnoscant.
917 1436 995 1498 Dixit
1008 1437 1158 1517 aliquando
1174 1441 1226 1498 mi·

222 1526 251 1586 hi
258 1523 400 1602 Regulus,
416 1539 480 1583 cunr
489 1521 572 1582 simul
584 1522 762 1600 adessemus,
778 1527 820 1582 ‘tu
831 1523 922 1581 omnia
937 1539 1010 1600 quae
1022 1530 1087 1582 sunt
1099 1523 1128 1582 in
1140 1541 1227 1584 eausa

223 1619 306 1688 putas
327 1606 511 1686 exequenda,
537 1621 595 1683 ago
615 1605 742 1683 iugulum
758 1607 852 1666 statim
871 1606 973 1683 video,
999 1604 1075 1666 hunc
1097 1611 1268 1685 premo':1e

182 1693 327 1772 repremit
340 1707 408 1752 sane
423 1689 500 1769 quod
513 1688 614 1767 elegit,
629 1689 681 1750 sed
695 1690 724 1748 in
738 1687 871 1767 eligendo
882 1690 1049 1770 frequenter
1063 1699 1145 1750 errat.
1166 1689 1226 1750 lle·

224 1776 326 1854 spondi
344 1791 432 1855 posse
448 1774 509 1833 lieri
531 1783 562 1834 ut
581 1791 657 1850 genu
678 1781 758 1835 esset
780 1783 827 1834 aut
847 1772 938 1851 talus,
960 1775 1008 1834 ubi
1025 1773 1076 1833 illc
1098 1774 1225 1850 iugulum
1304 1827 1305 1836 ,

223 1868 349 1939 putaret:
365 1864 406 1918 ‘at
419 1863 488 1935 ego’
504 1859 616 1936 inquam
630 1858 692 1936 ‘qui
704 1856 830 1935 iugulum
845 1859 1013 1936 perspicere
1023 1875 1081 1918 non
1095 1874 1226 1936 possum,
1304 1855 1305 1864 ’

224 1946 317 2004 omnia
326 1950 500 2022 pertempto,
511 1942 602 2001 omnia
610 1941 755 2022 experior,
767 1934 875 2001 ccciccc
886 1941 1008 2020 denique
1020 1941 1120 2002 idiloni
1128 1942 1225 2020 κινοῖ,

185 2037 311 2106 routque
326 2028 354 2085 in
374 2021 482 2086 cultura
497 2026 557 2103 agri
574 2042 630 2086 non
648 2026 747 2085 uineas
762 2034 867 2086 tantum
887 2043 985 2085 rerum
1000 2027 1083 2086 etiam
1098 2026 1225 2104 arbusta,
1236 2035 1271 2088 tt)
1305 2045 1306 2092 t

223 2129 279 2172 nec
292 2109 406 2170 arbusta
418 2118 524 2169 tantum
539 2127 638 2170 verum
653 2111 737 2169 etiam
752 2126 869 2186 campos
885 2126 954 2170 curo
969 2119 999 2170 et
1016 2127 1160 2188 exerceo,
1181 2119 1227 2170 ut·

225 2212 281 2273 que
297 2196 325 2254 in
339 2194 410 2272 ipsis
432 2194 539 2271 campis
553 2209 611 2253 nou
631 2194 675 2253 lar
688 2201 735 2254 aut
750 2191 890 2270 siliginem
905 2191 995 2254 solam
1010 2193 1062 2254 sed
1075 2193 1226 2272 hordeum,

223 2278 316 2339 labam
337 2285 491 2355 ceteraque
507 2276 650 2354 legumina
663 2293 748 2354 sero,
763 2279 805 2337 sic
819 2278 848 2337 iu
861 2278 975 2338 actione
989 2277 1070 2356 plura
1085 2281 1164 2356 quasi
1179 2296 1227 2338 se-

184 2375 215 2431 17
223 2364 297 2422 mina
311 2360 394 2421 latius
410 2377 527 2439 spargo,
539 2370 570 2421 ut
584 2379 657 2439 quae
672 2362 857 2439 provenerint
873 2359 1014 2439 colligam.
1037 2359 1139 2440 Neque
1152 2363 1228 2422 enim

223 2447 314 2507 miuus
329 2446 523 2524 inperspicua,
538 2446 658 2522 incerta,
676 2443 787 2505 lallacia
801 2453 866 2506 suut
879 2444 1002 2505 iudicum
1014 2447 1127 2523 ingenia
1142 2463 1226 2525 quam
1236 2455 1269 2507 25

224 2538 424 2610 tempestatum
444 2536 649 2607 terrarumque.
672 2525 736 2589 Nec
754 2546 800 2588 mc
822 2531 959 2608 praeterit
976 2547 1112 2590 summum
1131 2537 1227 2590 orato·

223 2631 283 2674 rem
297 2611 428 2674 Periclen
442 2614 485 2673 sic
500 2631 516 2674 a
530 2615 640 2673 comico
654 2611 796 2691 Eupolide
810 2612 928 2692 laudari,

529 2688 614 2776 πρὸς
626 2693 696 2775 δέν
716 2715 822 2756 αοτοο
839 2713 988 2779 opesopes

377 2772 486 2841 πειθώ
497 2799 546 2853 τις
558 2773 745 2860 ἐπεκάθητο
758 2786 844 2841 τοῖσι
856 2779 1010 2859 χείλεσιν.

378 2854 485 2936 οὕτως
496 2857 618 2944 ἐκήλει,
630 2858 686 2924 καὶ
696 2857 799 2943 μόνος
809 2864 878 2925 τῶν
890 2855 1044 2945 ῥητόρων
1236 2881 1271 2934 30

377 2939 414 3008 τὸ
426 2945 567 3024 κέντρον
579 2943 788 3027 ἐγκατέλειπον
798 2954 867 3020 τοῖς
878 2941 1113 3030 ἀκροωμένοις.

186 3038 217 3093 18
224 3029 331 3092 Verum
345 3029 411 3092 huic
429 3033 485 3110 ipsi
500 3030 610 3093 Pericli·
619 3050 675 3093 nec
690 3030 739 3094 illa
756 3021 864 3093 πειθώ
884 3051 940 3094 nec
952 3031 1024 3093 illud
1038 3025 1147 3111 ἐκήλει
1160 3030 1228 3090 hre-

224 3117 312 3176 ritate
321 3115 369 3176 vel
380 3113 536 3178 velocitate
550 3114 599 3176 vel
612 3125 731 3196 utraque
747 3115 894 3196 (differunt
908 3117 998 3197 enim)
1013 3117 1076 3178 sine
1091 3115 1227 3176 facultate

226 3217 332 3260 summa
347 3201 525 3277 contigisset:
552 3197 622 3260 Nam
633 3199 780 3261 delectare
794 3200 968 3280 persuadere
986 3201 1097 3280 copiam
1114 3198 1230 3261 dicendi

227 3285 404 3363 spatiumque
421 3283 581 3362 desiderat,
601 3283 764 3364 relinquere
783 3301 853 3345 uero
869 3284 1000 3346 aculeum
1014 3286 1043 3344 in
1057 3283 1272 3348 audientumes

186 3373 217 3429 19
226 3368 324 3428 ommis
337 3369 363 3428 is
378 3367 488 3428 demum
501 3375 600 3447 potest
615 3369 731 3446 quinon
748 3370 860 3448 pungit,
872 3370 925 3431 sed
936 3369 1036 3446 infigit.
1058 3367 1141 3430 Adde
1154 3385 1229 3448 quae

225 3449 261 3512 de
276 3450 379 3513 eodem
392 3450 503 3512 Pericle
520 3454 647 3514 comicus
661 3453 744 3531 alter,

342 3526 518 3616 ἤστραπτ’,
539 3529 697 3619 ἐβρόντα,
709 3529 882 3598 σννεκύκοι
892 3525 1111 3618 τὴνἙλλάδα.
