2632 4102
429 314 777 382 aristomachus.
1088 305 1107 382 t

99 470 179 532 licile
194 478 240 531 est
256 471 389 548 optinere
404 488 441 530 ne
457 468 579 530 molesta
592 470 722 531 videatur
736 473 828 530 oratio
843 470 879 532 de
891 490 924 531 sa
939 471 987 532 aul
999 457 1034 532 de
1046 474 1107 534 suis

11 617 14 624 ,
99 549 292 617 disserentis?
312 552 384 613 Nam
398 571 462 612 cum
478 555 534 631 ipsi
548 552 692 616 honestati
706 562 764 614 tum
776 553 922 632 aliquanto
935 557 1026 632 magis
1043 554 1107 634 glo-

96 643 161 700 riae
186 639 249 699 eius
267 636 533 716 praedicationique
553 637 712 700 invidemus
730 646 816 716 atque
834 655 869 698 ea
893 636 1004 698 demum
1025 649 1107 700 reete

97 722 175 783 iacta
195 723 288 782 minus
309 720 514 799 detorquemus
538 729 568 779 et
590 723 732 800 carpimus
754 739 828 800 quae
844 723 872 781 ia
888 722 1062 783 obscuritate
1078 731 1107 783 et

75 806 221 867 asilentio
233 815 419 883 reponuntur.
440 803 503 876 Qua
518 822 554 864 ex
569 821 655 865 causa
668 823 757 884 saepe
768 807 832 884 ipse
843 822 965 884 mecum,
983 805 1130 870 nobisne?

97 898 220 966 tantam,
237 887 374 966 quidquid
385 895 432 948 est
446 888 533 965 istud,
549 891 740 967 conposuisse
755 908 789 949 an
806 899 836 950 et
850 888 914 950 aliis
929 885 1107 950 debeamus?

95 973 136 1033 Ut
150 972 248 1048 nobis,
265 972 397 1032 admonet
411 971 494 1048 illud,
513 972 589 1051 quod
604 971 742 1051 pleraque
758 981 910 1051 quaesunt
923 973 1106 1051 agendaerei

95 1057 265 1118 necessaria
287 1055 387 1115 eadem
409 1064 525 1133 peracta
544 1073 599 1115 nec
620 1055 771 1117 utilitatem
794 1073 891 1135 parem
912 1075 968 1117 nee
989 1059 1107 1134 gratiam

94 1142 235 1200 retinent.
267 1139 312 1199 Ac
331 1157 368 1199 ne
383 1138 499 1216 longius
517 1138 648 1218 exempla
662 1149 845 1218 repetamus,
859 1138 926 1219 quid
940 1140 1038 1201 utilius
1052 1139 1131 1204 iuit8

57 1237 186 1303 loquam
204 1223 413 1282 munificentiae
434 1225 574 1283 rationem
594 1225 679 1283 etiam
701 1223 769 1284 stilo
792 1220 951 1302 prosequi?
974 1223 1029 1284 Per
1049 1223 1107 1283 hoc

96 1309 178 1368 enim
191 1305 435 1384 adsequebamur,
457 1307 576 1384 primum
591 1317 622 1366 ut
636 1306 765 1368 honestis
780 1307 1002 1384 cogitationibus
1017 1308 1106 1367 inmo-

95 1407 244 1467 rarernur,
269 1389 372 1450 deinde
394 1398 425 1450 ut
447 1389 687 1468 pulchritudinem
701 1389 817 1451 illarum'
833 1391 966 1468 longiore
986 1398 1106 1451 tractatu

96 1473 336 1553 per-videremus,
354 1482 501 1552 postremo
517 1484 547 1534 ut
562 1475 672 1535 subitae
686 1473 846 1552 largitionis
862 1475 995 1534 comitem
1010 1475 1106 1552 paeni·

96 1558 218 1619 tentiam
241 1575 417 1618 caveremus.
450 1556 628 1619 Nascebatur
649 1577 686 1618 en
707 1557 752 1619 his
776 1559 945 1619 exercitatio
969 1556 1107 1636 quaedam

56 1651 87 1703 15
97 1641 328 1702 contemnendae
347 1643 499 1720 pecuniae.
527 1640 598 1701 Nam
616 1659 681 1701 cum
698 1659 798 1703 omnes
812 1642 944 1703 homines
960 1642 995 1701 ad
1010 1651 1130 1706 custo-9

97 1726 177 1786 diam
195 1726 258 1785 eius
273 1735 371 1786 natura
391 1726 589 1803 restrinxerit,
613 1743 666 1786 nos
681 1735 781 1786 contra
794 1725 911 1785 multum
925 1743 959 1784 ac
972 1725 1019 1785 diu
1035 1742 1106 1803 pen·

96 1813 204 1871 sitatus
219 1825 298 1868 amor
312 1807 490 1869 liberalitatis
506 1809 701 1871 communibus
715 1811 847 1870 avaritiae
859 1807 983 1869 vincnlis
999 1810 1107 1868 enime-

97 1895 165 1971 bat,
192 1902 329 1971 tantoque
352 1890 521 1952 laudabilior
542 1894 733 1954 munificentia
748 1903 846 1954 nostra
865 1891 930 1953 lore
944 1891 1105 1970 uidebatur,

97 1976 181 2055 quod
200 1975 235 2035 ad
258 1975 335 2036 illam
353 1993 410 2035 non
430 1978 538 2055 impetu
558 1976 681 2055 quodam
702 1977 755 2046 sed
772 1976 896 2038 consilio
917 1976 1105 2037 trahebamur.

57 2059 270 2120 mhecedebat
283 2059 329 2121 his
350 2061 444 2121 causis
462 2059 539 2139 quod
557 2078 613 2120 non
630 2059 714 2122 ludos
730 2071 778 2121 aut
793 2060 968 2138 gladiatores
983 2059 1036 2121 sed
1057 2077 1104 2119 an·
1115 2073 1148 2125 10

97 2161 176 2205 nuos
191 2151 322 2222 sumptus
340 2145 370 2202 in
387 2142 517 2204 alimenta
537 2144 726 2221 ingenuorum
748 2143 966 2222 pollicebamur.
999 2142 1106 2203 Oculo·

97 2247 162 2287 rum
186 2236 319 2305 porroet
339 2229 448 2286 aurium
471 2227 634 2306 voluptates
656 2227 729 2288 adeo
745 2245 802 2288 non
825 2236 913 2306 egent
927 2226 1105 2289 commenda·

98 2313 199 2388 tione,
221 2319 324 2371 utnon
341 2318 396 2370 tam
409 2312 519 2371 incitari
540 2310 662 2372 debeant
678 2313 807 2373 oratione
824 2329 908 2390 quam
923 2312 1055 2390 reprimi:
1073 2318 1106 2370 ut
1115 2324 1147 2375 11

97 2413 173 2456 vero
195 2393 299 2473 aliquis
319 2393 443 2456 libenter
465 2395 642 2456 educationis
661 2396 784 2456 taedium
804 2395 992 2474 laboremque
1013 2395 1106 2454 susci·

58 2481 188 2558 sopiat,
199 2495 257 2538 nen
272 2480 406 2557 praemiis
425 2478 512 2538 modo
528 2481 725 2540 verumetiam
739 2480 889 2557 exquisitis
903 2477 1105 2538 adhortationi·

100 2564 155 2624 bus
176 2562 377 2640 inpetrandam
392 2572 448 2624 est.
479 2561 550 2623 Nam
567 2566 591 2624 si
610 2562 714 2623 medici
730 2561 871 2639 salubres,
889 2561 941 2622 sed
956 2559 1148 2638 voluptatem

101 2655 235 2707 ementes
250 2646 330 2706 cibos
347 2645 542 2708 blandioribus
557 2645 700 2724 adloquiis
712 2655 914 2724 prosecuntur,
931 2653 1035 2724 quanto
1048 2660 1105 2705 ma·

101 2733 146 2808 gis
156 2728 256 2790 decuit
266 2729 383 2808 publice
395 2729 593 2792 consulentem
604 2731 784 2791 utilissimum
794 2747 906 2807 muana,
917 2729 1105 2807 sednonpar·

101 2813 167 2875 inde
195 2813 337 2892 populare
357 2816 489 2875 comitate
512 2815 648 2875 orationis
669 2811 827 2875 inducere?
851 2816 1021 2892 praesertim
1041 2828 1106 2871 curn

63 2896 265 2963 duenimndum
281 2898 451 2959 haberemus
465 2908 497 2959 ut
514 2899 590 2978 qnod
603 2900 769 2977 parentibus
781 2898 899 2960 dabatur
908 2907 939 2958 ct
949 2898 1027 2958 orbis
1039 2911 1106 2975 pro·

102 2981 235 3059 baretur,
259 2979 457 3062 honoremque
478 2999 634 3061 pancorum
656 2985 747 3043 ceteri
768 2986 911 3061 patienter
926 2992 956 3043 et
970 2989 1106 3059 expecta·

101 3073 166 3125 rent
178 3075 210 3126 et
225 3075 413 3126 mererentur.
433 3066 492 3127 Sed
503 3076 534 3127 ut
549 3075 616 3127 tunc
631 3067 826 3127 communibus
840 3067 931 3144 magis
949 3063 1105 3126 commodis
1115 3072 1148 3126 13

104 3166 185 3226 quam
208 3151 337 3227 privatae
354 3151 503 3211 iactantiae
526 3150 720 3229 studebamus,
744 3167 808 3210 cum
827 3151 1013 3209 intentionem
1034 3147 1104 3207 eile-

106 3241 239 3311 ctumqne
253 3235 386 3294 muneris
395 3236 485 3295 nostri
499 3233 641 3296 vellemus
656 3233 797 3312 intellegi,
812 3235 851 3294 ita
864 3250 938 3292 nunc
952 3234 981 3291 in
995 3232 1105 3290 ratione

68 3320 98 3375 be
107 3314 208 3376 edendi
222 3334 357 3378 veremur
376 3335 412 3378 ne
426 3317 502 3378 lorte
516 3335 573 3379 non
587 3317 705 3378 aliorum
719 3317 887 3378 utilitatibus
904 3315 956 3376 sed
970 3314 1105 3391 propriae

106 3396 177 3460 laudi
191 3402 320 3463 servisse
336 3401 493 3463 videamur.
523 3401 675 3462 Praeterea
688 3402 864 3461 meminimus
879 3405 984 3476 quanto
998 3398 1105 3456 maiore
1115 3404 1148 3460 ll

107 3485 196 3543 animo
212 3484 370 3547 honestatis
385 3484 496 3547 fructus
518 3487 547 3546 in
565 3487 740 3547 conscientia
755 3500 837 3562 quam
855 3484 885 3542 in
898 3482 971 3541 lama
983 3497 1105 3559 repona-

108 3574 161 3626 tur.
180 3569 269 3648 Sequi
285 3571 360 3631 enim
374 3569 482 3650 gloria,
501 3586 560 3629 non
572 3568 669 3648 adpeti
680 3567 786 3646 debet,
808 3584 865 3627 nee
886 3567 911 3627 si
927 3563 1105 3643 casualiquo
