2616 4096
200 255 261 320 166
620 252 653 315 0.
675 251 773 314 PLlNl

200 427 251 485 na,
271 416 300 468 et
321 426 358 468 ex
378 406 486 466 duabus
499 407 648 466 sententiis
665 424 727 466 eam
746 423 819 484 qnae
834 408 967 485 superior
980 409 1106 468 extiterit
1119 410 1200 469 tertia

157 496 361 570 transpectat.
383 489 468 566 Quid,
484 490 560 568 quod
576 492 665 568 prima
676 491 816 550 sententia
827 490 1001 568 conprobata
1010 500 1127 553 ceterae
1135 510 1200 571 pcr-

200 572 350 638 omnntnrl
381 572 444 648 Qua
459 591 530 651 ergo
545 574 653 634 ratione
672 582 851 650 potestesse
866 590 922 632 non
934 591 1005 634 unus
1018 574 1112 652 adque
1126 575 1200 636 idem

157 659 283 720 tdlocns
304 660 521 735 sententiarum,
546 675 661 736 quarum
675 655 768 716 nullus
783 665 829 716 est
844 654 967 734 postea?
988 655 1102 718 Planius
1117 677 1201 738 rape·

199 753 264 805 tam.
302 741 364 804 Nisi
384 740 497 801 dicente
523 741 692 802 sententiam
712 740 813 818 coqui
832 739 943 818 relegat
963 740 1003 801 illi
1020 743 1068 819 qui
1083 743 1224 821 puniuutt

202 829 295 906 capite
307 827 386 898 initio
402 825 495 884 statim
508 822 601 885 idalia
615 822 778 900 discedant,
795 823 900 885 trasna
914 833 1016 902 postea
1032 825 1203 886 dissentient

158 910 284 972 24abeo
305 911 350 969 cni
370 907 455 985 paulo
476 916 541 968 aute
566 910 773 969 consenserint.
806 907 864 966 Sed
879 907 947 985 qnid
960 925 1018 985 ego
1034 908 1134 969 similis
1153 909 1202 968 do-

201 989 298 1053 centi?
315 1009 379 1052 cum
395 991 508 1052 discere
522 990 609 1051 velim
624 1009 659 1052 au
676 993 831 1052 sententias
847 989 949 1067 dividi,
965 1009 1000 1052 au
1013 994 1047 1052 iri
1060 993 1089 1051 iu
1104 995 1202 1071 singn-

199 1075 242 1136 las
263 1076 430 1153 oportuerit.
476 1073 591 1153 0ptinui
614 1075 726 1154 quidem
744 1074 820 1154 quod
833 1073 1025 1153 postulabam
1048 1075 1138 1136 nihilo
1153 1079 1203 1136 mi·

199 1178 252 1220 uus
267 1168 360 1220 tamen
374 1174 480 1237 quaero
491 1177 527 1219 an
538 1158 684 1237 postulare
697 1157 850 1219 debuerim.
875 1157 1115 1231 Quemadmodum
1128 1163 1201 1239 opti·
1213 1167 1238 1218 lt

199 1239 268 1304 nni?
301 1242 357 1315 Qui
378 1241 504 1303 ultimum
524 1241 694 1321 supplicium
710 1241 874 1304 sumendum
890 1259 957 1304 ease
973 1242 1128 1319 censebat,
1151 1262 1201 1303 ne·

200 1329 261 1387 scio
278 1345 312 1388 an
327 1329 399 1404 iure,
418 1335 497 1386 certe
511 1328 654 1405 aequitate
669 1324 867 1404 postulationis
881 1327 1080 1401 maceriolas,
1096 1328 1201 1386 omissa

200 1412 341 1471 sententia
356 1429 407 1471 sua
426 1410 550 1470 accessit
564 1408 719 1486 relegenti:
739 1411 846 1470 veritos
862 1408 975 1470 scilicet
991 1427 1039 1486 ne,
1056 1411 1081 1470 si
1093 1409 1201 1471 divide·

199 1502 296 1554 rentur
310 1495 480 1569 sententiae,
497 1492 574 1571 qnod
590 1492 694 1571 alioqui
708 1492 771 1553 lore
786 1492 951 1570 videbatur,
966 1511 1001 1553 ea
1015 1511 1088 1571 qnae
1105 1492 1202 1554 absol-

199 1577 309 1639 rendos
320 1595 388 1637 esse
407 1577 544 1637 censebat
557 1593 674 1636 numero
688 1576 878 1655 praevaleret.
907 1574 1019 1636 Etenim
1033 1575 1121 1654 louge
1136 1576 1238 1657 plu-15

157 1662 291 1723 boresio
306 1661 360 1721 hac
375 1677 429 1720 una
445 1679 526 1738 qnam
537 1662 566 1720 in
583 1659 689 1721 duabus
705 1659 824 1739 singulis
837 1669 924 1720 eraut.
947 1658 1017 1718 lum
1027 1659 1069 1720 illi
1084 1678 1201 1738 qnoque

200 1746 247 1824 qui
265 1747 431 1806 anctoritate
451 1745 513 1804 eius
529 1744 710 1806 trahebantur
731 1752 893 1804 transeunte
915 1742 965 1803 illo
985 1742 1112 1804 destituti
1133 1743 1200 1804 reli·

199 1839 321 1907 querunt
342 1830 509 1890 seutentiam
523 1829 559 1888 ab
579 1829 643 1906 ipso
662 1837 779 1888 auctore
800 1826 941 1888 desertam
964 1829 1114 1906 secutique
1135 1837 1200 1888 sunt

156 1915 280 1990 aequasi
295 1913 467 1991 transfugam
482 1929 565 1990 quem
582 1912 684 1971 ducem
698 1911 899 1990 sequebantur.
919 1911 967 1972 Sic
983 1913 1120 1972 extribus
1134 1931 1200 1972 seu-

199 1997 295 2055 tentiis
310 1995 382 2056 duae
403 1996 514 2072 factae,
530 1997 677 2074 tenuitque
695 2013 731 2055 ex
745 1994 853 2056 duabus
867 1993 956 2056 altera
970 1997 1052 2055 tertia
1066 1995 1197 2073 expulsa,
1208 2001 1239 2053 to

199 2095 287 2155 quae,
310 2095 374 2219 prm
395 2078 490 2139 ambas
512 2096 648 2156 superare
663 2097 718 2138 non
732 2085 849 2157 posset,
875 2077 966 2156 elegit
979 2080 1014 2139 ab
1029 2088 1088 2138 utra
1101 2080 1199 2140 viuce-

197 2170 283 2221 retur.
341 2160 395 2222 ale.

667 2294 729 2354 XV.

482 2392 509 2444 G.
529 2393 655 2445 PLINIUS
673 2393 795 2444 tortium
811 2392 871 2444 SUO
889 2392 915 2442 S.
1208 2416 1239 2470 ᾗ

174 2505 187 2555 1
259 2495 381 2558 Oneravi
395 2506 425 2557 to
440 2504 481 2558 tot
492 2498 597 2574 pariter
609 2493 704 2557 missis
719 2495 923 2557 voluminibus:
941 2496 994 2556 sed
1009 2498 1125 2557 ouamvi
1142 2497 1199 2575 pri·

197 2597 284 2660 mum2
301 2582 365 2659 quia
379 2598 531 2658 exegeras,
547 2579 661 2656 deindo,
679 2579 743 2658 quia
757 2581 916 2656 scripseras
926 2588 983 2640 tam
997 2578 1121 2658 graciles
1134 2581 1200 2641 istic

197 2663 352 2724 vindemias
370 2683 437 2725 esse
458 2673 490 2724 ut
510 2663 593 2742 plane
615 2663 720 2724 scirem
739 2663 790 2723 tibi
806 2672 984 2740 vacaturum,
1012 2664 1088 2742 qnod
1110 2662 1199 2741 vulgo

175 2745 311 2822 adicitur,
327 2746 427 2808 libmm
438 2747 548 2824 legere.
568 2745 675 2807 Eadem
686 2765 723 2806 ex
741 2747 811 2806 meis
826 2745 929 2824 agellis
944 2748 1111 2808 nuntiantur.
1142 2745 1198 2825 lgi-

198 2837 244 2887 tur
259 2829 325 2888 milri
342 2847 456 2909 quoqne
476 2829 574 2890 licebit
593 2830 722 2890 scribere
742 2846 815 2907 qnae
834 2829 933 2907 legas,
960 2833 998 2893 sit
1017 2830 1101 2890 modo
1124 2829 1239 2890 undeno
1301 2879 1302 2908 p

198 2911 311 2972 chartae
326 2915 381 2972 emi
395 2915 521 2992 possiut;
547 2931 620 2991 quae
642 2916 666 2973 si
686 2914 806 2974 scabrae
822 2911 974 2974 bibulaeve
992 2915 1064 2991 sint,
1081 2923 1129 2975 aut
1141 2931 1199 2974 non

197 2995 377 3138 papibendum
401 3007 449 3058 aut
474 2999 638 3060 necessario
664 2996 800 3076 quidquid
825 2996 1025 3074 scripserimus
1047 2998 1113 3058 boni
1133 2995 1199 3058 mali
1301 2999 1302 3032 ³

216 3098 232 3140 e
245 3080 363 3141 obimus.
376 3101 380 3110 ·
394 3079 477 3143 Vale.

655 3213 733 3274 XVI.

461 3313 489 3364 (l.
507 3314 634 3366 PLINIUS
651 3311 800 3364 bernalto
819 3311 879 3364 SUO
899 3311 926 3366 S.

170 3427 185 3477 1
258 3413 453 3476 Confecerunt
466 3433 511 3475 me
527 3417 700 3476 infirmitates
711 3431 849 3495 meorum,
866 3425 973 3477 mortes
985 3417 1080 3492 etiam,
1096 3423 1126 3476 et
1138 3415 1199 3494 qui·

196 3496 260 3558 dem
274 3500 415 3562 iuvenum.
437 3498 551 3559 Solacia
567 3499 622 3558 dno
636 3516 812 3578 nequaquam
824 3501 902 3578 paria
913 3507 990 3560 tanto
1004 3498 1107 3574 dolori,
1122 3496 1198 3560 sola·
