2632 4096
353 324 765 388 commutationes.
1000 325 1062 388 109

66 495 232 556 possessore
250 484 331 538 esset
343 485 476 554 actums,
492 477 569 556 qnod
585 477 732 537 candidum
747 476 888 556 splenium
901 479 929 536 in
944 477 1001 538 lnoc
1015 488 1063 540 aut

66 562 91 621 in
105 559 172 621 illud
186 558 371 640 supercilium
384 561 586 637 transferebat,
602 561 678 638 quod
689 579 806 640 semper
814 560 983 640 haruspices
995 578 1063 621 con·

66 643 172 706 sulebat
186 643 224 704 de
239 644 359 703 actionis
376 653 498 722 eventu,
522 664 539 705 a
559 647 643 704 nimiu
657 645 877 724 superstitione,
900 643 953 704 sed
969 653 1062 705 mmen

66 737 92 787 et
104 746 119 787 a
131 745 236 806 magno
251 725 407 788 studiorum
421 727 531 788 honore
551 729 694 789 veniebat.
722 727 781 788 lam
800 725 849 787 illa
869 745 1005 807 perquam
1020 730 1088 790 ιιι-3

45 809 150 872 connis
163 830 219 872 una
234 810 411 889 dicentibus,
428 811 504 889 quod
518 811 608 872 libera
622 821 751 891 tempora
764 811 898 890 petebat,
924 810 1002 889 quod
1015 830 1063 872 au·

67 894 166 956 dituros
189 894 370 972 corrogabat.
409 893 484 968 Quid
506 897 580 956 enim
599 895 747 956 iucundius
769 913 851 974 quam
870 896 924 957 sub
945 893 1062 956 alterius

66 978 160 1038 invidia
183 996 269 1056 quam
289 977 335 1037 diu
356 977 429 1038 valis
451 981 522 1038 etin
543 978 637 1038 alieno
652 979 790 1039 auditorio
806 981 886 1057 quasi
904 978 1063 1057 deprehen-

67 1080 122 1122 sum
141 1060 293 1121 commode
316 1057 433 1122 dicere?
466 1062 525 1122 Sed
545 1071 698 1142 utcumque
720 1081 752 1137 se
768 1061 872 1122 habent
892 1064 962 1140 ista,
988 1062 1089 1125 benet

66 1143 130 1204 lecit
141 1143 274 1223 Regulus
290 1144 365 1223 quod
380 1155 425 1206 est
441 1155 584 1215 mortuus;
608 1146 727 1224 melius,
748 1147 773 1206 si
788 1156 863 1206 ante.
891 1143 973 1204 Nunc
990 1148 1064 1204 enim

34 1230 129 1288 losane
154 1238 269 1307 poterat
288 1231 349 1288 sine
371 1227 446 1289 malo
466 1228 584 1308 publico
605 1231 704 1290 vivere
726 1229 779 1289 sub
802 1245 838 1288 eo
858 1231 988 1307 principe
1010 1228 1063 1287 sub

68 1329 239 1456 tullii
258 1313 595 1478 titillatio&
606 1322 889 1473 stilistas
901 1327 1089 1458 {titia

70 1480 238 1540 consuetudo
261 1480 340 1539 binas
354 1478 403 1539 rel
418 1481 545 1557 singulas
559 1479 744 1558 clepsydras,
766 1479 905 1540 interdum
925 1480 1009 1538 etiam
1024 1477 1064 1537 di-

70 1561 157 1624 midias
178 1573 208 1624 et
230 1561 314 1622 dandi
336 1571 366 1624 et
387 1563 512 1641 petendi.
542 1562 613 1623 Nam
628 1573 658 1623 et
671 1565 719 1642 qui
736 1563 833 1624 dicunt
851 1561 1065 1640 egissemalunt

35 1641 62 1691 15
70 1662 144 1723 mam
156 1665 248 1725 agere
263 1657 293 1707 et
308 1649 355 1724 qui
370 1646 485 1708 audiunt
503 1649 582 1710 linire
599 1665 682 1724 mam
699 1647 834 1708 iudicare,
863 1645 951 1705 lauta
964 1645 1064 1722 neglc-

70 1732 174 1808 gentia,
204 1739 283 1790 tanta
306 1730 431 1808 desidia,
458 1741 534 1792 tanta
555 1729 678 1809 denique
697 1732 887 1792 inreverentia
909 1728 1064 1788 studiorum

69 1813 313 1893 periculorumque
333 1823 387 1874 est.
419 1815 539 1875 Annos
564 1817 753 1894 sapientiores
772 1813 925 1874 maioribus
946 1815 1092 1889 nostrisa

69 1913 116 1956 nos
129 1897 243 1976 legibus
258 1899 329 1976 ipsis
343 1899 493 1976 iustiores,
515 1915 587 1976 quae
603 1907 646 1958 tot
661 1899 762 1974 lucras,
777 1907 820 1960 tot
836 1897 916 1974 dies,
930 1905 974 1955 tot
989 1913 1065 1956 corn·

71 1981 311 2057 perendinationes
327 1979 502 2061 largiuntur?
523 1982 645 2044 hebetes
660 1982 702 2042 illi
717 1991 746 2043 et
760 1999 846 2061 supra
855 1980 970 2040 modum
980 1979 1063 2057 tardi,

37 2062 117 2124 linos
131 2069 258 2144 apertius
272 2065 403 2144 dicimus,
422 2067 546 2127 celerius
561 2065 766 2144 intellegimus,
782 2065 946 2144 religiosius
960 2063 1065 2124 iudica·

70 2150 960 2314 tttnffttdllllttttltlttlllttlttttt
978 2165 1088 2295 stlta

72 2311 118 2374 bus
133 2319 283 2396 optinebas
303 2317 380 2397 quod
397 2317 462 2378 iudei
476 2319 639 2397 paucissimi
659 2279 817 2396 praestant!
840 2315 980 2396 Equidem
995 2331 1065 2394 quo·

72 2398 138 2460 tiens
150 2401 265 2480 iudico,
289 2401 367 2480 quod
381 2401 429 2462 vel
442 2404 559 2481 saepius
574 2401 650 2462 laoio
665 2419 748 2480 quam
761 2400 839 2478 dico,
857 2410 989 2479 quantum
1002 2400 1065 2475 quis

39 2479 210 2558 ttpturtnun
226 2484 355 2566 postulat
374 2503 463 2564 aquae
482 2485 529 2545 do.
562 2485 675 2547 Etenim
689 2487 867 2547 temerarium
882 2483 1013 2543 existimo
1025 2481 1091 2546 ‹ti-s

73 2566 158 2628 viuere
177 2587 262 2648 mam
277 2571 404 2648 spatiosa
418 2571 456 2630 sit
472 2587 558 2631 causa
575 2569 698 2631 inaudita
711 2579 883 2646 tempusque
899 2567 1017 2642 negotio
1035 2565 1066 2624 li·

74 2649 127 2709 nire
140 2655 218 2716 cuius
237 2653 351 2714 modum
363 2656 498 2732 ignores,
522 2655 690 2732 pracsertim
714 2670 777 2713 oum
799 2653 916 2730 primam
933 2647 1066 2727 religioni

76 2749 134 2794 suae
146 2737 233 2798 index
253 2740 414 2817 patientiam
436 2737 556 2816 debeat,
583 2755 656 2816 quae
676 2755 743 2816 pars
757 2752 858 2814 magna
873 2735 998 2796 iustitiae
1011 2742 1066 2794 ost.

75 2813 250 2896 liquescam
264 2839 441 2900 supervacua
452 2821 590 2882 dicuntur.
613 2820 719 2882 Etiam:
733 2819 786 2882 sed
797 2821 884 2880 satius
895 2826 941 2878 est
953 2827 982 2878 et
994 2817 1066 2879 haec

44 2895 125 2959 salici
139 2921 218 2982 quam
238 2922 296 2966 non
317 2904 372 2965 dici
386 2907 559 2967 necessaria.
590 2905 742 2965 Praeterea
756 2906 862 2964 ausint
877 2911 1093 2980 supervacuus

77 2982 123 3042 uisi
137 3004 197 3046 cum
211 2987 345 3066 audieris,
362 2991 437 3050 scire
451 3007 509 3049 non
522 2992 628 3069 possis.
659 2988 717 3048 Sed
731 2988 767 3048 de
783 2987 827 3048 lris
842 2985 943 3047 melius
958 3002 1064 3060 coram,

77 3073 103 3124 ut
115 3065 147 3128 de
162 3071 291 3150 pluribus
306 3074 382 3134 vitiis
402 3075 532 3134 ciuitatis.
562 3071 632 3134 Nam
647 3083 678 3134 tu
694 3089 809 3151 quoque
824 3087 921 3132 amore
943 3085 1066 3130 commu·

77 3149 144 3212 tium
157 3154 234 3217 soles
249 3156 391 3220 emendari
412 3175 520 3234 cupere
541 3175 614 3235 quae
636 3159 691 3216 iam
711 3158 859 3234 corrigere
879 3151 995 3213 difficile
1010 3159 1065 3210 est.

77 3227 150 3328 limo
158 3241 342 3318 respiciamus
357 3239 458 3300 domos
473 3249 597 3302 nostras.
629 3239 741 3319 Ecquid
755 3241 847 3300 omnia
860 3238 889 3295 in
903 3245 951 3296 tua
964 3227 1065 3294 recte?
1076 3244 1110 3296 10

46 3314 103 3374 ιιιιι
115 3335 172 3382 mea
184 3326 250 3384 novi
264 3324 343 3386 nibil.
364 3322 432 3384 llihi
447 3333 540 3386 autem
554 3334 584 3385 et
597 3326 721 3402 gratiora
732 3332 797 3384 sunt
810 3322 895 3394 bonu,
911 3315 988 3395 quod
999 3333 1065 3395 per·

79 3415 209 3485 sererent,
224 3417 253 3468 at
266 3407 375 3470 leniora
389 3407 576 3486 incommoda,
591 3408 668 3488 quod
680 3406 807 3469 adsuevi.
837 3401 919 3464 vole.
