2614 4104
361 309 626 372 ramelmcus
647 320 673 374 9.
687 322 730 376 1o.
744 323 787 376 11.
1011 309 1073 376 245

77 459 128 522 trii
147 461 200 522 Ubi
215 461 316 522 deinde
332 460 503 541 disciplina?
517 463 565 522 ubi
577 478 638 522 mos
650 479 666 522 a
677 463 830 526 maioribus
841 463 969 543 traditus,
982 465 1072 545 quod·

78 547 672 708 {tibitibititillet-:ib
690 549 898 708 :illidii
915 559 1075 693 ‘'zileit

77 711 145 772 bella
158 709 321 774 mandaret?
351 673 463 774 Eodem
477 712 556 772 illum
571 715 612 773 uti
629 715 711 791 iure,
734 731 799 774 cum
813 715 849 776 ud
863 677 1012 794 imberium
1027 734 1072 776 re·

58 797 170 873 5rocct,
186 813 244 875 quo
259 798 297 857 sit
311 813 397 873 usus,
415 813 479 857 cunt
493 795 528 857 ad
539 799 697 857 exercitum
708 799 831 875 miserit,
847 799 974 878 nihilque
986 800 1073 860 iuter·

77 897 136 939 esse
149 881 190 940 iro
212 878 338 958 legatum
352 899 387 940 an
401 880 498 941 redire
512 881 672 959 principem
687 881 799 959 iubeat,
824 883 879 943 nisi
894 882 970 961 quod
984 885 1073 944 maior

76 963 107 1022 sit
120 963 249 1042 obsequii
263 963 355 1040 gloria
368 965 397 1024 in
412 981 448 1025 eo
464 964 541 1044 quod
555 965 619 1043 quis
634 966 724 1024 miuus
744 964 824 1026 velit.
868 965 1003 1045 Augebat
1023 984 1071 1028 au·
1083 961 1124 1025 10

76 1047 225 1106 ctoritatem
244 1048 367 1108 iubentis
387 1049 415 1108 iu
436 1065 573 1109 summum
596 1047 749 1110 discrimen
768 1051 922 1112 auctoritas
946 1052 1009 1112 eius
1024 1050 1072 1111 ad·

75 1128 160 1208 ducta,
175 1140 263 1209 utque
277 1132 367 1209 magis
381 1131 535 1212 parendum
546 1132 694 1209 imperanti
705 1140 820 1210 putares
834 1133 1013 1194 efficiebatur
1023 1150 1072 1212 ec,

44 1213 143 1291 ldqnod
156 1214 191 1274 ab
207 1214 270 1275 aliia
285 1216 376 1276 miuus
394 1215 554 1294 parebatur.
590 1214 635 1275 lid
656 1214 714 1276 boc
735 1214 871 1277 audiebas
888 1226 1003 1277 senatum
1019 1234 1072 1296 po·

75 1295 182 1375 polique
200 1316 380 1359 cousensmn.
399 1297 464 1359 Nou
478 1300 559 1358 unius
574 1296 688 1358 Nervae
703 1297 835 1358 iudicium
849 1299 937 1377 illud,
952 1299 1000 1359 illa
1013 1299 1073 1360 ele·

77 1381 127 1439 ctio
140 1380 201 1441 init.
220 1381 291 1442 Nam
302 1382 351 1461 qui
362 1382 469 1462 ubique
483 1391 548 1444 sunt
559 1380 688 1443 beminen
702 1382 761 1442 boc
774 1382 849 1444 idern
862 1385 938 1444 rotis
952 1393 1071 1462 expete·

76 1463 147 1532 bmt;
170 1465 221 1526 ille
247 1476 353 1526 tautum
373 1468 434 1528 iure
455 1467 593 1545 principis
617 1469 787 1546 occupauit,
814 1469 978 1547 primusque
1003 1467 1074 1527 iecit

77 1546 145 1624 quod
156 1549 258 1610 iactari
273 1567 372 1611 omnes
386 1560 476 1611 eraut.
496 1549 559 1611 Nec
570 1548 696 1610 Hercule
711 1559 789 1611 tauto
804 1567 894 1630 opere
907 1551 1017 1612 cunctis
1031 1551 1072 1610 ia·

45 1629 144 1690 lictum
156 1632 303 1712 placeret,
322 1635 377 1694 uisi
393 1633 551 1713 placuisset
564 1643 629 1694 ante
646 1651 729 1712 qnam
751 1634 842 1695 lieret.
874 1634 914 1695 At
934 1651 1008 1713 quo,
1030 1633 1068 1694 dii

77 1713 151 1791 boni,
173 1727 398 1797 temperamento
419 1727 590 1798 potestatem
605 1726 680 1777 tuam
697 1717 893 1796 fortunamque
907 1715 1070 1777 moderatus

78 1798 118 1858 es!
140 1799 297 1880 imperator
316 1811 346 1862 tu
362 1801 451 1863 titulis
469 1811 498 1862 et
512 1801 681 1878 imaginibus
695 1810 725 1862 et
741 1801 847 1879 signis,
869 1809 996 1861 ceterum
1011 1817 1071 1861 mo·

78 1880 159 1944 destia
178 1884 278 1946 labore
297 1885 442 1963 vigilantia
462 1885 519 1946 dux
539 1895 568 1945 et
583 1883 695 1962 legatus
709 1893 739 1944 et
753 1883 852 1961 miles,
880 1886 1012 1945 cumiano
1024 1893 1072 1945 tua

78 1966 188 2045 vexilla,
204 1977 268 2029 tuas
281 1969 391 2049 aquilas
403 1987 505 2046 magno
518 1967 606 2046 gradu
617 1969 758 2044 ermines,
773 1986 869 2048 neque
884 1967 959 2028 aliud
972 1969 1022 2029 tibi
1035 1985 1072 2028 ex

45 2046 118 2108 milla
128 2051 280 2130 adoptione
293 2071 375 2132 quarn
384 2053 434 2112 lilii
445 2054 593 2132 pietatem,
610 2051 658 2112 filii
671 2053 839 2131 obsequium
851 2051 1002 2114 adsereres
1011 2052 1072 2112 lou·

77 2148 186 2213 eamque
195 2137 262 2196 huic
271 2137 374 2198 nomini
383 2145 515 2214 aetatem,
533 2134 647 2215 longam
660 2135 781 2213 gloriam
793 2154 958 2215 precatore.
976 2135 1033 2196 lam
1042 2146 1072 2196 te

78 2219 244 2290 providentia
256 2219 372 2282 deorum
381 2223 500 2300 primum
510 2220 640 2281 inlocum
650 2229 837 2298 provexerat;
846 2230 875 2281 tu
884 2218 976 2280 adbuc
986 2222 1015 2280 in
1026 2237 1072 2280 se·

78 2301 159 2362 cundo
169 2306 307 2365 resistere
319 2313 403 2383 atque
417 2307 501 2365 etiam
510 2321 666 2365 senescere
681 2304 815 2382 optabas:
830 2305 955 2382 privatus
965 2302 1015 2363 tibi
1030 2305 1072 2362 vi·

79 2380 179 2445 debario
193 2405 276 2467 quam
291 2388 337 2449 diu
352 2389 544 2467 imperatoret
557 2387 628 2447 alius
637 2396 725 2448 esset.
739 2386 843 2448 Audita
857 2396 923 2448 nunt
936 2395 1003 2446 vota
1012 2396 1071 2463 tua,

46 2466 413 2550 resedinqnantumoptino
428 2471 469 2532 illi
478 2481 507 2532 et
516 2472 694 2533 sanctissimo
704 2472 767 2532 seui
777 2470 847 2532 utile
857 2471 925 2547 luit,
941 2488 1026 2548 quem
1035 2468 1073 2529 dii

78 2551 150 2611 caelo
161 2555 385 2633 vindicaverunt,
396 2575 433 2616 ne
447 2556 514 2635 quid
528 2564 595 2635 post
609 2555 677 2615 illud
692 2553 814 2614 divinum
826 2565 856 2615 et
869 2553 1017 2614 inmortale
1030 2553 1071 2613 la·

79 2641 145 2694 ctum
153 2638 271 2700 mortale
280 2640 398 2701 luceret.
413 2639 523 2700 Deberi
532 2643 638 2718 quippe
646 2641 766 2699 maximo
779 2639 861 2717 operi
873 2637 945 2698 banc
954 2655 1073 2698 venera·

78 2716 185 2800 donem,
202 2733 233 2784 ut
246 2725 430 2785 novissimum
443 2731 540 2801 esset,
561 2733 765 2802 auctoremque
780 2723 843 2783 eius
860 2723 954 2783 statim
970 2738 1073 2782 couse-

79 2804 216 2885 crandum,
232 2816 264 2867 ut
277 2807 447 2888 quandoque
463 2810 536 2867 inter
550 2816 683 2887 posteros
700 2805 1008 2885 quaerereturanillud
1019 2808 1074 2866 inm

45 2879 140 2946 bodens
156 2889 284 2953 lenisset.
301 2891 342 2952 lta
352 2891 403 2952 ille
417 2890 495 2952 nullo
506 2892 597 2968 magis
606 2892 719 2952 nomine
731 2890 863 2970 publicus
874 2908 979 2970 pareus
989 2907 1073 2970 quarn

79 2970 215 3043 quintum.
236 2975 342 3053 lugens
350 2975 442 3052 gloria
457 2977 617 3055 ingensque
631 2976 721 3053 larua,
734 2993 799 3036 cum
808 2975 919 3036 abunde
936 2985 1072 3054 expertus

79 3063 148 3113 esset
162 3075 244 3136 quam
258 3059 333 3120 bene
341 3061 446 3120 umeris
461 3062 518 3121 tuin
533 3059 650 3120 sederet
663 3060 827 3138 imperium,
842 3059 893 3120 tibi
908 3059 1016 3135 terras,
1043 3065 1073 3116 te

78 3138 287 3218 terrisrcliquit;
304 3161 340 3204 eo
350 3145 415 3223 ipso
428 3160 510 3203 carus
523 3143 652 3203 omnibus
661 3161 696 3204 ac
708 3142 910 3203 desiderandus
920 3139 995 3219 quod
1005 3155 1072 3217 pro·

78 3234 243 3294 spereratne
255 3226 473 3288 desideraretur.
484 3226 576 3300 Quem
586 3237 617 3287 tu
626 3227 750 3287 lacrimis
757 3227 887 3306 primum,
896 3227 935 3284 ita
944 3232 975 3283 ut
985 3222 1072 3283 illium
1085 3227 1124 3294 11

44 3297 174 3383 dedecuit,
187 3327 254 3370 mox
263 3310 380 3389 templis
390 3310 559 3387 honestasti,
575 3328 631 3372 uon
642 3311 763 3370 imitatus
775 3307 840 3368 illos
853 3309 901 3386 qui
914 3307 970 3366 boc
984 3305 1070 3382 idem,

79 3385 125 3445 ned
138 3389 190 3452 alia
202 3403 296 3455 mente
311 3394 449 3454 lecerunt.
480 3393 593 3454 Dicavit
608 3390 1003 3469 caeloliberiuslluqusturn,
1019 3388 1073 3449 sed

79 3476 106 3526 ¹¹1
120 3475 269 3539 maiestatis
284 3480 392 3539 crimen
406 3478 564 3554 induceret,
582 3475 728 3537 Claudium
741 3473 838 3553 Nero,
856 3474 909 3536 scd
923 3483 955 3533 ut
968 3471 1072 3534 inride-

80 3561 134 3633 ret,
153 3555 356 3641 Vespasianum
365 3549 467 3642 litus,
488 3560 663 3621 Domitianus
682 3558 791 3640 Titum,
818 3557 871 3620 sed
886 3557 953 3635 ille,
979 3568 1010 3618 nt
1026 3556 1072 3618 dei
