2614 4104
370 330 636 394 enunciamus
650 343 693 397 sn.
708 343 751 398 so.
766 345 809 424 oo.
1038 333 1101 398 ιιι

155 485 212 545 Sed
227 486 281 544 iam
297 493 409 564 tempus
425 495 470 544 est
483 492 513 546 te
532 487 587 564 ipsi
603 481 761 546 consulatui
781 491 942 564 praestare,
968 496 1000 548 ut
1014 491 1100 550 maio·
1111 491 1153 554 59

88 587 151 630 rem
168 587 233 629 eum
251 567 435 646 suscipiendo
449 569 636 647 gerendoque
658 569 756 631 iacias.
788 568 858 629 Nam
881 572 995 649 saepius
1016 589 1100 633 recu·

88 671 156 716 aare
179 651 337 729 ambiguam
351 669 385 711 ac
403 655 499 731 potius
522 651 598 712 illam
619 653 882 732 interpretationem
903 654 1006 731 babet,
1031 665 1099 716 tam·

89 753 174 816 quam
191 737 327 796 minorem
343 745 436 813 putes.
471 735 512 794 Τιι
528 735 641 814 qnidam
655 745 686 797 ut
701 738 848 796 maximum
868 739 1024 808 recusasti;
1046 741 1100 800 sed

58 823 145 883 ⁵lroc
156 819 333 899 persuadere
347 821 450 878 nemini
465 820 586 897 poteris,
604 821 657 880 nisi
672 820 822 900 aliquando
835 829 864 880 ct
876 838 932 880 non
946 840 1099 884 recusave-

87 908 138 964 ris.
162 901 235 962 (lum
247 920 347 980 arcus,
361 919 424 962 cum
435 911 562 981 tropaea,
581 921 644 962 cum
656 911 762 966 statuas
775 902 957 982 deprecaris,
974 907 1099 968 tribucu-

87 989 124 1048 da
145 997 191 1047 est
210 986 401 1046 verecundiae
424 995 489 1046 tuae
509 988 608 1055 venia;
633 987 680 1047 illa
701 989 776 1048 enim
797 1007 865 1048 sane
887 988 937 1048 tibi
959 988 1100 1050 dicamur:

86 1089 164 1132 nunc
191 1087 262 1130 roro
283 1069 458 1148 postulamus
486 1079 516 1130 ut
542 1071 651 1131 laturos
679 1073 824 1150 principes
849 1071 956 1132 doceas
981 1075 1099 1136 inertiae

86 1157 268 1231 renuntiare,
291 1152 439 1234 paulisper
452 1153 569 1214 delicias
585 1154 716 1229 dilleme‚
738 1154 886 1234 paulisper
903 1165 933 1214 et
948 1156 1048 1218 saltem
1064 1159 1099 1219 ad

46 1241 289 1304 lobrerissimum
310 1247 423 1315 tempus
445 1255 482 1296 ex
502 1237 554 1297 illo
574 1237 719 1299 felicitatis
741 1254 842 1299 somno
864 1238 943 1298 velut
958 1243 1098 1302 excitatos

87 1321 208 1384 induere
231 1330 423 1400 praetextam,
454 1339 553 1399 quam,
580 1339 642 1381 cum
663 1320 731 1382 dare
749 1330 887 1401 possent,
920 1326 1096 1401 occuparint,

88 1406 249 1468 ascendere
265 1405 407 1483 curulem,
434 1421 517 1483 quam
533 1405 692 1484 detineant,
716 1423 783 1466 csse
800 1404 922 1484 denique
938 1406 1014 1484 quod
1030 1425 1098 1468 cou-

88 1492 257 1570 cupierunt,
283 1507 339 1549 nec
363 1488 429 1549 ideo
456 1498 563 1549 tantum
590 1487 667 1549 velle
693 1489 828 1550 consules
850 1491 910 1550 lieri
931 1501 962 1550 ut
982 1491 1095 1550 luerint.

89 1573 212 1636 Gessisti
232 1573 351 1633 alterum
373 1573 567 1651 consulatum,
597 1575 675 1633 scio:
702 1573 781 1633 illum
801 1575 994 1653 exercitibus,
1017 1573 1097 1634 illum

44 1672 79 1724 15
91 1659 267 1739 provinciis,
282 1656 360 1716 illum
372 1659 456 1717 etiam
471 1658 577 1718 exteris
592 1657 725 1734 gentibus
744 1659 852 1735 poteris
870 1657 1016 1736 inputare,
1040 1675 1097 1717 non

88 1754 175 1822 potes
190 1741 281 1800 nobis.
304 1741 440 1802 Audimus
458 1740 571 1819 quidem
588 1751 618 1800 te
634 1758 716 1800 omne
730 1759 829 1800 munus
846 1741 971 1801 consulis
987 1741 1095 1818 obisse,

87 1827 141 1888 sed
157 1824 295 1886 audimus.
322 1824 436 1885 Dicen‘s
456 1826 627 1886 iustissimus
642 1823 857 1884 humanissimus
872 1825 1096 1902 patientissimus

88 1911 197 1986 fuisse,
215 1909 268 1970 sed
284 1908 397 1971 diceris.
425 1909 555 1988 Aequum
571 1917 616 1969 est
630 1908 780 1987 aliquando
794 1922 847 1967 nos
862 1908 967 1969 iudicio
985 1917 1094 1987 nostro,

89 1993 183 2055 oculis
193 1991 309 2070 nostris,
321 2010 377 2051 non
389 1991 479 2052 lamae
491 2009 606 2071 semper
617 2001 646 2052 et
657 1993 817 2052 rumoribus
829 1992 958 2054 credere.
984 1991 1096 2065 Quous-

46 2089 145 2158 20que
158 2077 292 2136 absentes
304 2076 340 2136 de
353 2075 471 2137 absente
482 2074 689 2154 gaudebimus?
700 2076 796 2138 Liceat
808 2076 933 2156 experiri
944 2095 977 2137 an
990 2076 1097 2156 aliquid

87 2161 242 2242 superbiae
256 2161 307 2220 tibi
321 2159 369 2219 ille
390 2160 453 2238 ipse
469 2160 612 2221 secundus
627 2159 791 2222 consulatus
808 2161 942 2220 attulerit.
977 2159 1096 2221 lllultum

87 2247 117 2305 in
132 2244 326 2304 conmutandis
340 2244 466 2303 moribus
480 2243 621 2304 bominum
637 2245 747 2304 medius
762 2263 849 2304 annus
863 2243 956 2321 valet,
978 2245 1006 2302 in
1020 2244 1096 2323 prin·

90 2331 186 2408 cipum
206 2327 282 2407 plus.
319 2327 446 2388 Dicimus
468 2328 599 2408 quidem,
631 2331 678 2386 cui
705 2329 794 2388 virtus
821 2327 914 2406 aliqua
940 2329 1095 2406 contingat,

88 2431 189 2474 omnes
210 2413 321 2473 inesse:
347 2413 475 2490 cupimus
495 2421 588 2472 tamen
611 2411 737 2490 experiri
757 2429 792 2472 an
814 2429 888 2470 nunc
906 2429 1021 2489 quoque
1042 2429 1096 2470 una

47 2495 246 2575 tceadenque
261 2515 309 2555 res
323 2497 361 2554 sit
377 2496 468 2555 bonus
485 2495 585 2555 consul
601 2503 629 2555 et
646 2495 737 2555 bonus
754 2498 899 2573 princeps.
927 2493 998 2555 Nam
1014 2511 1096 2573 prae-

86 2591 134 2642 ter
148 2579 176 2640 id
192 2579 268 2660 quod
282 2589 326 2640 est
340 2579 474 2656 arduum,
495 2580 564 2640 duas
581 2597 689 2658 easque
707 2578 790 2638 simul
809 2595 913 2657 capere
936 2587 1096 2658 potestates

87 2683 222 2740 summas,
236 2673 294 2724 tum
310 2665 384 2724 inest
399 2665 510 2742 utrique
525 2681 582 2723 non
597 2662 673 2722 nulla
690 2663 851 2740 diversitas,
865 2679 927 2720 cum
938 2664 1097 2740 principem

89 2765 174 2827 quam
188 2747 369 2808 simillimum
381 2749 596 2826 comprobato,
610 2749 764 2808 concident
776 2765 866 2823 quum
882 2745 1096 2806 dissimillimum

89 2832 203 2910 deceat.
234 2831 330 2910 Atque
346 2849 404 2908 ego
419 2830 504 2891 video
519 2833 648 2910 proximo
668 2848 740 2891 anno
761 2828 925 2890 consulatus
945 2829 1095 2892 recusandi
1106 2836 1148 2898 60

48 2917 162 2980 bollano
174 2917 356 2994 praecipuam
367 2915 456 2975 luisse
469 2917 617 2993 rationem,
635 2914 785 2994 quodcum
800 2913 905 2975 absens
920 2933 1025 2993 gerere
1040 2934 1096 2976 non

87 3009 219 3080 poteras:
240 2999 291 3059 sed
312 3001 366 3058 iam
386 2997 449 3059 urbi
468 3001 602 3078 votisque
617 2998 740 3077 publicis
754 2999 899 3076 redditus,
924 3000 990 3077 quid
1008 3000 1097 3059 estin

89 3101 148 3164 quo
162 3084 252 3160 magis
269 3083 308 3144 sis
324 3081 531 3160 adprobaturus
547 3100 619 3162 quae
636 3092 796 3161 quantaque
813 3083 918 3142 fuerint
933 3100 1005 3160 quae
1021 3081 1096 3142 desi·

89 3163 279 3228 derabemus‘l
305 3165 404 3226 Parum
420 3176 465 3226 est
481 3175 510 3226 ut
526 3169 554 3226 in
571 3167 676 3227 curiam
690 3169 805 3244 venias,
823 3166 876 3224 nisi
892 3174 921 3224 et
938 3182 1096 3244 convoces,

89 3261 120 3312 ut
143 3251 257 3311 intersis
280 3251 407 3327 senatui,
436 3251 490 3310 nisi
513 3261 542 3310 et
565 3251 747 3328 praesideas,
772 3258 803 3309 ut
818 3257 971 3308 censentes
987 3247 1095 3326 audias,

48 3335 146 3398 adnisi
163 3342 193 3394 et
208 3351 358 3413 perrogas.
387 3333 438 3393 Vis
453 3332 522 3394 illud
536 3335 763 3412 augustissimum
779 3329 927 3392 consulum
944 3331 1095 3411 aliquando

89 3417 210 3479 tribunal
226 3417 364 3477 maiestati
376 3435 444 3476 suae
459 3415 604 3478 reddere?
624 3417 757 3479 ascende.
786 3415 837 3476 Vis
859 3424 992 3476 constare
1013 3433 1096 3475 reve·

89 3505 207 3562 rentiam
225 3501 450 3579 magistratibus,
466 3500 581 3579 legibus
596 3503 804 3578 auctoritatem,
817 3497 983 3559 modestiam
997 3507 1096 3579 postu·

90 3583 235 3646 lantibus?
256 3585 311 3645 adi.
340 3583 424 3657 Quod
439 3587 513 3645 euim
527 3586 681 3646 interesset
700 3586 743 3646 rei
759 3583 910 3729 publiclasse,
932 3585 957 3644 si
971 3584 1097 3663 privatus
