2614 4104
226 319 289 383 aes
317 316 1150 397 o.nu1u1usrna1anuur.1rs-rn.[rso-1224

199 481 298 546 arunt.
321 469 375 531 llic
387 487 501 550 quoque
519 487 575 531 non
588 471 772 531 mediocriter
789 470 896 531 haereo
916 489 952 531 ue
976 472 1143 551 cuiusquam
1157 481 1234 532 retro

227 557 364 618 habeatur
377 557 463 624 ratio;
485 552 633 632 dandaque
654 573 728 634 quae
748 564 816 614 tunc
832 573 896 615 cum
911 557 1060 616 vincerent
1073 573 1133 616 non
1149 554 1234 616 debe·

227 641 338 714 bantur,
359 637 444 716 Rogo
461 655 532 716 ergo
546 648 577 698 ut
592 638 793 699 dubitationem
806 655 898 699 meam
911 657 1032 718 regere,
1054 639 1084 699 id
1099 649 1163 717 est,
1185 640 1233 700 be·

227 726 328 786 nelicia
345 733 392 785 tua
408 724 589 801 interpretari
604 724 668 800 ipse
684 722 821 800 digneris.

594 852 735 916 uxvuu.
749 853 862 934 [0qu

561 953 727 1007 TRAIANUS
743 954 849 1006 PLINIO
867 955 896 1007 S.

290 1054 469 1117 lsalasticum
483 1065 550 1116 tunc
565 1057 683 1135 primum
698 1055 765 1115 mihi
778 1054 891 1114 ridetur
905 1055 1033 1133 incipere
1045 1053 1160 1134 deberi,
1174 1073 1234 1116 auur

230 1140 294 1219 quis
305 1142 333 1200 iu
348 1142 490 1201 civitatem
502 1156 580 1202 suam
594 1141 658 1218 ipse
674 1133 857 1217 εἰσήλασεν.
891 1137 1016 1199 Obsonia
1028 1155 1129 1198 eorum
1146 1150 1234 1200 certa·

215 1226 332 1284 *minum
348 1237 420 1303 quae
435 1223 581 1286 iselastica
594 1241 662 1285 esse
675 1222 784 1301 placuit
797 1221 880 1301 mihi,
897 1225 921 1282 si
938 1230 1002 1284 aute
1017 1222 1167 1284 iselastica
1180 1223 1268 1284 nonll
1289 1220 1290 1298 l

228 1308 360 1387 fuerunt,
384 1319 463 1370 retro
489 1326 545 1369 nou
572 1307 720 1368 debentur.
755 1305 818 1368 Nec
845 1308 987 1386 prolicere
1013 1323 1066 1385 pro
1090 1306 1233 1368 desiderio
1289 1341 1290 1344 =

229 1393 396 1455 athletarum
410 1403 509 1473 potest
522 1392 589 1472 quid
607 1408 706 1450 eornm
720 1409 793 1471 quae
815 1400 917 1469 postea
931 1391 1077 1452 iselastica
1093 1409 1154 1452 non
1168 1392 1234 1470 lege

230 1479 375 1555 constitui,
391 1486 505 1556 quam†
520 1478 567 1556 qui
580 1477 688 1554 ierant,
702 1475 837 1553 accipere
853 1475 1008 1536 desierunt.
1038 1474 1148 1536 llutata
1164 1480 1234 1536 eninr

229 1559 392 1622 conditione
407 1561 588 1622 certaminum
606 1558 696 1620 nihilo
717 1561 808 1620 minus
823 1577 895 1638 quae
911 1569 976 1621 ante
990 1570 1168 1638 peragerunt
1181 1578 1233 1621 non

226 1654 405 1706 revocantur.
1242 1646 1265 1697 lo

612 1776 698 1839 cxx.
722 1774 850 1856 [cxxr]

1241 812 1253 860 ⁵
1288 814 1289 886 l

450 1878 477 1932 O.
496 1877 621 1930 PLINIUS
639 1875 786 1930 TRAIANO
802 1877 1012 1928 IMPERATORI.

202 1998 217 2049 1
288 1983 387 2061 Usque
402 1985 430 2042 iu
444 1983 500 2042 hoc
514 1992 643 2062 tempus,
659 1981 787 2058 domine,
814 2000 910 2060 neque
931 1984 1060 2062 cuiquam
1081 1981 1232 2061 diplomata

232 2065 408 2128 commodari
428 2084 523 2145 neque
543 2068 570 2125 iu
586 2084 646 2126 rem
661 2065 746 2127 ullam
762 2067 815 2126 nisi
830 2074 904 2125 tuarn
918 2068 990 2126 misi.
1023 2065 1115 2140 Quam
1128 2069 1266 2145 perpe-lt

202 2163 303 2217 atnam
318 2151 507 2210 servationem
520 2167 611 2210 rneam
626 2149 763 2229 quaedam
776 2151 935 2210 necessitas
948 2151 1034 2229 rupit.
1056 2151 1146 2212 Uxori
1162 2151 1233 2211 eninr
1291 2149 1292 2164 ¹

228 2253 310 2297 meae
326 2234 419 2294 auditu
434 2243 525 2294 morto
540 2236 585 2294 ari
599 2233 707 2294 volenti
718 2232 753 2294 ad
769 2235 878 2292 amitarn
894 2251 972 2294 suarn
987 2253 1143 2296 excurrere
1156 2251 1233 2296 usuun

228 2337 327 2382 eorum
343 2336 450 2396 negare
465 2319 562 2378 durum
577 2320 693 2397 putari,
716 2334 779 2378 curu
794 2317 859 2378 talis
876 2317 965 2377 oflicii
980 2321 1070 2396 gratia
1084 2321 1113 2379 in
1132 2319 1233 2379 celeri·

228 2413 287 2466 tate
302 2406 475 2465 consisteret
490 2403 651 2481 sciremque
665 2402 802 2462 rationem
814 2402 923 2462 itineris
940 2403 1136 2482 probaturum,
1155 2404 1232 2464 cuius

229 2507 314 2550 causa
330 2498 389 2548 erat
409 2488 510 2565 pietas.
540 2486 620 2547 llaec
640 2487 691 2546 tibi
712 2487 834 2565 scripsi,
860 2486 925 2563 quia
945 2487 1011 2546 mihi
1025 2505 1122 2565 parum
1136 2491 1266 2565 gratustt

227 2573 292 2634 lore
312 2573 447 2650 videbar,
469 2573 493 2630 si
516 2569 740 2632 dissimulassem
755 2571 831 2631 inter
843 2569 898 2629 alia
914 2569 1055 2631 beneficia
1072 2571 1127 2631 hoo
1149 2589 1232 2631 unum

227 2675 341 2736 quoque
355 2673 402 2716 me
413 2655 521 2716 debere
534 2653 726 2732 indulgentiae
740 2662 823 2731 tuae,
846 2653 923 2732 quod
942 2654 1043 2716 liduoia
1057 2656 1120 2716 eius
1140 2672 1233 2735 quanu

226 2758 308 2819 quam
325 2739 486 2801 inconsulto
499 2749 529 2800 te
543 2756 601 2801 uon
612 2738 735 2799 dubitavi
750 2737 848 2799 iacere
864 2755 948 2818 quae,
969 2743 994 2802 si
1013 2737 1232 2816 consuluissem,

227 2840 294 2882 sero
311 2823 456 2883 iecissem.

604 2954 859 3037 oxxr.[cxxu.]
1239 2916 1267 2971 ³⁰

562 3057 726 3110 TRAIANUS
742 3058 850 3110 PLlNIO
868 3057 896 3111 S.

292 3159 396 3221 llerito
414 3159 553 3238 habuisti,
577 3161 711 3222 Secunde
733 3165 896 3241 carissime,
920 3161 1049 3222 lidueiam
1070 3161 1153 3221 animi
1166 3161 1232 3238 mal,

226 3264 282 3308 nec
298 3244 478 3306 dubitandum
494 3244 602 3322 luisse,
626 3247 650 3304 si
666 3256 868 3324 expectasses,
891 3246 983 3307 donec
1000 3263 1047 3304 me
1065 3245 1233 3306 consuleret

226 3349 260 3392 au
282 3331 337 3389 iter
357 3331 455 3389 uxoris
473 3339 538 3390 tuae
553 3328 770 3408 diplomatibus,
786 3348 861 3409 quae
876 3331 972 3391 oliicio
988 3340 1037 3390 tuo
1052 3328 1135 3408 dedi,
1156 3329 1264 3390 adiu-tt

225 3413 345 3474 vandum
362 3422 458 3489 esset,
480 3431 544 3474 cum
558 3412 631 3492 apud
646 3416 757 3474 amitam
772 3431 851 3475 suam
866 3423 995 3476 uxortua
1010 3412 1132 3474 deberet
1148 3415 1231 3474 etiarn

227 3495 374 3558 eeleritate
389 3497 505 3574 gratiam
519 3495 658 3556 adventus
673 3500 717 3558 sui
733 3514 850 3575 augere.
