2632 4096
234 263 296 328 116
659 262 691 325 0.
714 262 813 324 PLINI

232 427 305 478 runt.
326 415 414 478 Erant
430 417 460 478 iu
475 416 530 477 bac
544 418 687 496 paucitate
700 414 827 476 nonnulli
846 431 965 492 quorum
986 417 1155 494 temporaria
1171 434 1230 494 gra·

208 503 306 569 orins
321 500 369 562 vel
383 503 479 580 potius
493 501 639 578 multatis
649 500 765 560 imitatio
780 498 933 560 ridebatur.
954 496 996 557 Tu
1011 507 1105 558 tannen
1119 501 1230 560 aestima

234 589 365 665 quantuni
385 601 438 645 nos
462 586 490 643 in
515 585 577 662 ipsa
599 601 695 662 pugna
718 583 878 644 certaminis
898 589 1025 659 maneat,
1052 585 1131 643 cuius
1157 586 1232 662 quasi

233 669 378 749 praelusio
394 667 486 746 adque
508 667 673 746 praecursio
691 667 742 728 bas
763 667 962 726 contentiones
983 667 1128 728 excitauit.
1156 665 1233 726 Vale.

732 797 782 858 III.

500 897 527 952 (l.
546 895 670 949 PLINIUS
686 798 831 950 ffiURIOO
851 896 910 949 SUO
929 897 956 952 S.

209 1017 225 1070 1
297 998 440 1061 Sollicitas
452 1018 498 1061 me
513 1001 543 1060 iu
555 998 740 1060 Formianum
762 999 881 1061 Veniam
895 1017 930 1060 ea
942 1000 1103 1061 conditione
1117 1019 1155 1060 ne
1173 999 1235 1077 quid

235 1093 332 1144 contra
352 1084 528 1146 commodum
537 1093 616 1144 tuum
630 1082 732 1152 faciam
754 1101 809 1163 qua
822 1086 956 1163 pactione
971 1087 1092 1146 invicem
1109 1083 1178 1144 mibi
1193 1102 1235 1143 ca·

233 1184 300 1229 veo.
318 1165 420 1246 Neque
441 1170 516 1229 enim
529 1186 606 1228 mare
624 1176 653 1228 et
670 1165 737 1228 litus
752 1167 804 1228 sed
818 1177 865 1244 te,
892 1169 996 1245 otium,
1014 1167 1176 1230 libertatem
1192 1177 1265 1229 sedo

207 1266 320 1330 aanor:
332 1249 437 1331 alioqui
452 1253 540 1314 satius
552 1253 635 1312 estin
647 1252 718 1312 urbe
730 1268 888 1312 remanere.
921 1251 1043 1330 Oportet
1058 1253 1133 1312 enim
1147 1253 1233 1312 ornnia

233 1333 328 1398 autad
342 1334 463 1396 alienum
474 1337 617 1397 arbitrium
633 1343 680 1394 aut
693 1334 728 1394 ad
738 1352 820 1395 suum
833 1334 948 1396 iacere:
967 1337 1023 1395 mei
1039 1344 1119 1396 oerte
1134 1345 1233 1396 stoma·

234 1418 279 1480 obi
295 1418 367 1479 baec
382 1427 478 1479 natura
492 1429 537 1480 est
553 1429 584 1480 ut
601 1417 670 1479 nibil
691 1419 744 1478 uisi
763 1426 854 1478 totum
868 1427 898 1479 et
917 1437 1027 1480 merum
1047 1419 1126 1480 velit.
1156 1418 1231 1477 Vale.

704 1552 766 1612 XV.

512 1652 540 1707 G.
556 1652 682 1705 PLINIUS
699 1652 835 1704 ROMANO
854 1652 916 1704 SUO
937 1651 964 1702 S.

209 1773 222 1824 1
295 1753 432 1816 IIIrilicae
445 1756 489 1816 rei
505 1771 562 1815 uon
576 1755 743 1816 interfuisti:
764 1772 800 1815 ne
822 1773 880 1832 ego
902 1754 1030 1833 quiderm
1056 1753 1108 1814 sed
1127 1772 1177 1814 me
1193 1771 1234 1813 rc·

235 1857 305 1902 oens
323 1838 418 1900 fabula
432 1839 557 1918 excepit.
584 1837 745 1899 Passennus
755 1837 880 1914 Paullus,
897 1836 1062 1917 splendIdus
1074 1855 1167 1916 eques
1181 1836 1234 1896 llo-

234 1939 331 1983 manus
350 1931 378 1983 et
393 1925 423 1982 in
441 1923 539 2002 primis
556 1920 700 2000 eruditus,
723 1923 823 1983 scribit
840 1921 954 2000 elegos.
987 1919 1168 1982 Gentilicium
1182 1921 1234 1982 boc

234 2004 290 2065 illi:
304 2013 349 2066 est
361 2007 435 2066 enim
445 2006 593 2084 municeps
602 2002 731 2084 Properti
743 2005 835 2084 adque
850 2007 933 2066 etiam
948 2007 1021 2066 inter
1031 2006 1155 2066 maiores
1172 2009 1267 2067 sunsit

208 2087 411 2168 aPropertiunr
422 2097 556 2149 numerat.
572 2086 601 2148 Is
614 2107 677 2149 oum
688 2091 835 2168 recitaret,
846 2091 884 2150 ita
896 2090 993 2168 coepit
1005 2087 1102 2149 dicere
1114 2087 1233 2163 ‘Pr-isse,

233 2171 338 2232 iubes'.
366 2170 413 2232 ld
427 2171 485 2232 boe
497 2170 649 2232 Iavolenus
660 2171 774 2235 Priscus
791 2171 903 2253 (aderat
917 2175 1002 2250 enim,
1017 2181 1048 2232 ot
1061 2170 1161 2234 Paullo
1173 2174 1234 2233 anri·

235 2256 380 2323 eissimusl
397 2261 468 2334 ‘ego
490 2271 561 2316 vero
582 2273 637 2316 non
659 2257 767 2318 iubeo’.
803 2254 906 2334 Cogita
921 2257 970 2335 qui
989 2257 1063 2316 daus
1083 2256 1233 2329 homiuum,

208 2342 284 2419 aqui
301 2341 368 2401 ioci.
396 2336 450 2400 Est
468 2340 580 2399 omniuo
597 2338 712 2400 Priscus
727 2339 828 2401 dubiae
849 2342 992 2417 sanitatis,
1009 2341 1128 2400 interest
1144 2349 1234 2400 tamen

234 2423 354 2502 ciliciis,
378 2422 526 2484 adhibetur
543 2422 669 2483 consiliis
683 2422 776 2502 adque
793 2425 876 2484 etiam
893 2425 936 2483 ius
957 2421 1042 2483 civile
1058 2419 1176 2501 pubIIee
1192 2423 1267 2480 reli

235 2507 372 2587 spondet:
398 2524 455 2586 quo
471 2507 562 2584 magis
583 2506 658 2585 quod
676 2516 742 2567 tune
761 2506 832 2568 lecit
846 2516 876 2567 et
895 2505 1044 2568 ridiculum
1066 2515 1096 2566 et
1115 2503 1234 2566 notabile

208 2591 295 2656 afuit.
324 2590 438 2652 luterIm
453 2590 552 2652 Paullo
564 2589 656 2652 aliena
675 2590 805 2652 deliratio
822 2589 994 2669 aliquantum
1009 2589 1124 2667 IrIgoris
1136 2587 1233 2650 attulit.

234 2672 302 2734 Tam
313 2673 437 2736 sollicite
448 2675 609 2736 recitaturis
620 2673 825 2753 providendum
841 2683 887 2734 est
900 2691 958 2734 non
969 2672 1062 2736 solum
1073 2681 1104 2734 ut
1115 2674 1174 2734 sint
1184 2671 1234 2750 ipsi

234 2759 292 2817 sani
309 2775 408 2818 rarum
424 2759 508 2820 etiam
519 2766 550 2817 ut
566 2775 652 2819 sanos
663 2756 823 2820 adhibeant.
855 2755 936 2818 Vale.

700 2882 792 2952 xvi?

517 2989 544 3044 e.
565 2989 692 3042 unrorus
708 2990 823 3041 rnoruo
840 2989 900 3042 suo
921 2990 949 3045 S.

208 3101 224 3154 l
296 3089 373 3150 PetIs
388 3099 418 3158 ut
431 3091 482 3152 tibi
499 3091 630 3152 avunculi
644 3095 700 3153 mei
717 3093 823 3154 exitum
839 3092 978 3170 scribam,
997 3108 1054 3170 quo
1070 3092 1165 3152 verius
1181 3099 1233 3150 tra·

234 3174 304 3238 dero
314 3175 440 3254 posteris
450 3177 557 3255 possis.
588 3173 697 3238 Gratias
707 3193 780 3254 ago:
794 3194 858 3238 narn
867 3175 953 3237 video
964 3176 1048 3238 morti
1062 3176 1135 3251 eius,
1148 3175 1173 3236 si
1187 3189 1232 3234 ce·

207 3256 360 3320 alehustnr
374 3277 391 3320 a
404 3268 450 3336 te,
472 3259 648 3321 iumortalem
664 3259 784 3338 glorIam
805 3279 873 3322 esse
888 3260 1073 3338 propositam.
1102 3255 1267 3330 Qnauruar

233 3343 309 3402 enim
322 3341 574 3420 pulcherrimarum
586 3342 668 3404 clade
682 3352 830 3420 terrarum,
841 3353 873 3404 ut
890 3340 1002 3422 populi,
1016 3352 1046 3402 ut
1058 3341 1163 3418 urbes,
1176 3357 1232 3400 me·

233 3424 362 3486 morabiIi
379 3444 448 3488 casu
465 3429 545 3506 quasi
561 3443 678 3505 semper
696 3427 823 3488 vidturus
843 3426 999 3504 occiderit,
1023 3426 1149 3504 quamvis
1170 3425 1231 3500 ipsc

233 3507 350 3576 plurima
362 3526 453 3589 opera
462 3519 492 3572 et
500 3528 629 3572 mansura
640 3508 797 3571 condiderit
804 3509 940 3580 multum
950 3519 1044 3571 tamen
1054 3504 1232 3588 perpetuitati
1302 3565 1303 3580 p

1241 764 1254 812 5

1242 1597 1265 1649 li

1239 2840 1267 2893 a
