2616 4096
286 255 548 320 EPISTULARUM
563 258 640 322 Vlll.
660 269 685 322 s.
703 269 847 324 9.1o.11.
1012 259 1071 324 161

522 411 612 472 v1111.

366 509 395 564 G.
414 509 542 562 PLINIUS
559 509 643 561 URSO
660 509 720 560 SUO
738 509 766 559 S.

132 626 202 688 olim
216 644 274 687 non
287 627 388 687 librum
402 630 431 687 in
444 646 553 706 manus,
568 645 625 688 nou
637 627 731 687 stilum
746 629 870 706 sumpsi;
887 627 953 687 olim
968 631 1068 690 nescio
1081 638 1106 691 1,

76 711 136 792 quid
150 713 185 771 sit
205 713 308 787 otium,
334 711 401 790 quid
422 712 521 789 quies,
548 711 615 790 quid
630 709 751 790 denique
766 709 835 769 illud
849 711 926 771 iners
943 712 1067 791 quidem,

55 794 216 854 tiucuudum
231 803 328 854 tamen
349 793 417 854 nihil
438 813 542 872 agere,
567 793 635 854 nihil
656 812 739 854 esse:
764 793 836 854 adeo
851 793 938 855 multu
953 813 999 854 me
1018 814 1068 856 ne·

75 881 143 954 gotia
156 880 309 938 amicorum
319 896 375 937 nec
389 877 529 938 secedere
541 896 597 937 nec
606 875 721 938 studere
731 880 882 955 patiuntur.
902 876 986 940 Nulla
996 881 1095 949 enimq

76 961 155 1021 studia
166 963 234 1023 tanti
246 970 277 1020 ιιι
291 963 430 1022 amicitiae
447 960 572 1021 cilicium
586 961 744 1038 deseratur,
761 961 837 1041 quod
851 960 1068 1038 religiosissime

76 1044 280 1105 custodiendum
297 1044 388 1106 studia
401 1047 464 1124 ipsa
475 1045 663 1124 praecipiunt.
695 1042 777 1104 Vale.

47 1223 70 1274 ιο
241 1291 269 1341 G.
288 1291 412 1343 PLINIUS
428 1192 762 1342 unssnugunosoonno
780 1287 840 1339 SUO
859 1289 887 1346 S.

129 1392 189 1466 Quo
204 1393 297 1470 magis
316 1393 398 1471 cupis
414 1409 451 1454 ex
464 1395 548 1454 nobis
562 1401 739 1472 pronepotes
756 1391 872 1471 videre,
889 1391 946 1453 hoe
962 1391 1068 1452 tristior
1077 1408 1088 1458 1

75 1472 160 1536 audies
173 1486 291 1556 neptem
302 1485 376 1536 tuam
388 1476 517 1537 abortum
532 1476 652 1554 iecisse,
665 1475 730 1536 dum
741 1493 774 1536 se
785 1485 988 1555 praegnantem
999 1493 1066 1535 esse

78 1557 230 1634 puellariter
246 1561 390 1620 nescitae
413 1578 466 1637 per
486 1559 542 1621 lucc
558 1561 694 1640 quaedam
711 1558 897 1622 custodienda
910 1577 1066 1639 praegnan-

45 1649 68 1701 ιι
75 1641 140 1702 tibus
154 1645 266 1720 omittit,
282 1643 350 1703 facit
366 1643 527 1704 omittenda.
551 1643 642 1717 Quem
654 1661 781 1704 errorem
792 1645 900 1720 magnis
912 1641 1065 1703 documen·

75 1725 106 1783 tis
119 1729 238 1804 expiavit
253 1729 282 1786 in
296 1744 433 1786 summum
446 1727 605 1806 periculum
620 1727 750 1788 adducta.
779 1724 871 1803 Igitur
889 1736 919 1786 ut
940 1738 1091 1788 necesses

75 1817 113 1868 est
130 1812 253 1886 graviter
275 1811 401 1889 accipias
423 1820 602 1872 senectutem
623 1820 698 1871 tuam
720 1811 801 1890 quasi
821 1812 925 1888 paratis
940 1811 1065 1888 posteris

74 1889 238 1972 destitutam,
261 1896 305 1956 sic
320 1892 410 1954 debes
432 1913 520 1972 agere
540 1895 593 1955 diis
612 1895 718 1972 gratias
739 1893 816 1973 quod
830 1895 868 1952 ita
880 1893 930 1953 tibi
944 1894 972 1952 in
983 1909 1065 1970 prae·

18 2006 20 2034 t
75 1977 153 2036 sentia
164 1985 341 2056 pronepotes
356 1987 533 2054 negaverunt
548 1988 578 2039 ut
593 1988 741 2040 servarent
752 1986 880 2057 neptem,
892 1975 960 2038 illos
971 1975 1065 2037 reddi-

42 2059 131 2136 notun,
145 2078 264 2139 quorum
279 2060 361 2122 nobis
376 2078 458 2138 spem
472 2064 624 2122 certiorem
634 2062 706 2122 haec
717 2063 780 2141 ipsa
790 2078 957 2140 quamquam
968 2077 1064 2138 parum

74 2158 201 2222 prospere
216 2145 365 2223 explorata
380 2144 538 2206 iocunditas
553 2146 631 2206 iacit.
653 2143 747 2204 Isdem
761 2163 836 2206 nunc
848 2162 905 2222 ego
918 2154 948 2204 te
962 2143 1090 2221 quibust·

73 2225 153 2300 ipsum
167 2247 213 2289 me
232 2227 334 2288 hortor
348 2244 452 2288 moneo
475 2230 621 2290 confirmo.
651 2227 753 2308 Neque
777 2231 852 2289 enirn
871 2229 1015 2287 ardentius
1034 2236 1066 2287 tu

74 2320 237 2388 pronepotes
254 2330 337 2392 quam
351 2329 408 2388 ego
424 2310 532 2372 liberos
549 2314 646 2392 cupio,
661 2312 947 2390 quibusvideormeo
957 2320 1063 2387 tuoque

73 2387 152 2452 latero
171 2412 293 2473 pronum
312 2396 347 2455 ad
365 2394 490 2456 honores
510 2397 566 2455 iter
586 2405 615 2457 et
629 2394 723 2455 audita
738 2395 822 2456 latius
836 2396 948 2454 nomina
963 2403 993 2454 et
1007 2410 1064 2453 uon

42 2473 169 2537 assumtus
183 2479 322 2556 imagines
333 2477 494 2540 relicturus.
527 2477 685 2539 Nascantur
699 2477 783 2538 modu
798 2488 827 2539 et
842 2477 919 2538 hunc
936 2487 1063 2537 nostrum

75 2554 190 2619 dolorem
204 2561 308 2639 gaudio
322 2569 438 2622 mutent.
471 2560 553 2622 Vale.

536 2709 586 2770 xi.

304 2809 331 2862 o.
351 2807 474 2861 ruinius
490 2807 670 2860 msruuunn
688 2807 772 2859 sunu
789 2806 815 2862 s,
856 2841 862 2848 .

44 2901 70 2956 ³⁰
129 2904 196 2966 (lum
213 2909 357 2969 adiectum
378 2919 455 2970 tuum
473 2929 542 2988 erga
559 2911 654 2972 iratris
675 2909 759 2970 tiliam
773 2911 887 2988 cogito,
909 2910 992 2971 ctiam
1005 2925 1084 2976 ιιι-ι

76 2993 144 3049 terna
158 2991 330 3069 indulgentia
343 2992 520 3072 molliorem,
546 2993 685 3072 intellego
701 2995 779 3072 prius
794 2994 845 3054 tibi
861 2993 938 3071 quod
951 3004 997 3055 est
1011 3011 1063 3072 po-

76 3073 166 3132 sterius
182 3077 378 3154 uuutiandum,
399 3085 430 3136 ut
451 3089 633 3156 praesumpta
647 3077 752 3139 laetitia
770 3077 953 3138 sollicitudini
968 3076 1063 3137 locum

76 3169 125 3212 uon
135 3156 280 3236 relinquat.
314 3159 488 3238 Quamquam
507 3177 613 3221 vereor
626 3180 663 3223 ue
679 3170 746 3240 post
760 3159 977 3238 gratulationem
992 3177 1062 3236 quo·

76 3239 161 3311 quein
175 3251 280 3302 metum
294 3242 395 3304 redeas
410 3253 495 3321 atque
511 3245 548 3303 itu
568 3244 694 3321 gaudeas
714 3243 844 3324 periculo
867 3242 1013 3303 liberatam
1032 3253 1063 3304 ut

42 3317 149 3380 mutum
163 3325 237 3401 quod
251 3326 410 3404 periclitata
424 3328 461 3386 sit
475 3327 691 3405 perhorrescas.
712 3326 833 3403 Hilaris,
848 3327 902 3386 iam
916 3324 987 3402 sibi,
1008 3327 1089 3390 iamt

75 3400 264 3484 nihireddita,
286 3409 384 3488 incipit
398 3410 478 3469 refici
495 3412 747 3488 transmissumque
761 3409 914 3470 discrimen
930 3410 1062 3470 convale-

76 3486 173 3624 scquo
188 3492 289 3632 npetiri.
320 3491 384 3552 Fuit
399 3491 505 3570 alioqui
526 3495 555 3552 in
571 3509 681 3554 summo
696 3491 858 3553 discrimine
859 3492 1006 3637 l,liupune
1022 3492 1062 3553 di·

130 3589 178 3628 tuti
219 3595 244 3632 P.
