2616 4096
194 284 256 350 190
614 283 648 346 G.
669 283 766 346 λ’λιλλλλ

192 457 272 536 νας,
292 425 555 536 Ἀριστογειτον,
578 427 757 516 μᾶλλονδ’
783 427 973 582 chuppam
971 427 1067 506 ὅλως.
1092 453 1138 536 μη
1125 424 1193 513 δὴ

193 511 279 601 πρὸς
290 538 352 594 ους
371 510 473 592 αύτδς
490 518 614 618 ἔχωσας
636 514 773 597 λιμένας
790 539 833 579 κα
863 511 1052 618 προβόλων
1061 507 1194 616 ἐνίπλη·

193 618 269 703 σας,
292 597 376 683 πρὸς
392 595 535 675 τούτους
539 594 704 701 ὁρμίζου,
726 611 756 664 et
771 601 881 662 dixerat
897 591 1052 700 τούτμδ’
1071 592 1195 662 ούδένα

192 679 263 768 δρῶ
274 686 343 748 τοῖν
353 677 468 747 τόπων
485 677 616 747 τούτοιν
628 677 805 764 βύσιμον”
786 705 885 764 οντα,
897 663 991 747 ἀλλὰ
994 675 1106 746 πύυτα
1118 675 1196 744 ύπό·

192 789 335 850 νρημνα,
347 761 533 868 φάραγγας,
545 760 713 868 βάραθρα.
732 767 770 829 Et
784 768 923 848 deinceps
938 764 1074 830 δέδοικα
1086 787 1133 866 μη
1121 758 1196 828 δό·
1203 775 1218 833 λ

106 921 109 928 ,
192 848 269 951 ξητέ
284 864 350 913 τισι
366 847 427 913 τόν
443 843 495 912 ἀεὶ
511 844 724 952 βουλόμενον
741 844 827 913 εἶναι
844 843 996 952 πονηρὸν
1014 851 1084 911 τῶν
1102 840 1142 912 ἐν
1158 850 1197 931 τῇ

192 929 288 997 πόλει
299 931 546 1032 παιδοτριβεῖν,
564 953 619 997 nee
640 937 709 997 satis
730 927 864 997 ούδὲ
826 954 889 1037 γαρ
907 928 987 1008 τούς
1005 926 1198 1013 προγόνους
1283 961 1284 972 ¹

191 1009 445 1124 ὑπολαμβάνω
443 1009 484 1078 τδι
507 1011 704 1120 δικαστήρια
730 1019 835 1081 ταύτα
860 1013 942 1098 ὑμίν
964 1016 1195 1112 οἰκοδομῆσαι,

191 1101 247 1164 ινα
258 1121 338 1173 τους
348 1091 524 1175 τοιούτους
535 1093 574 1164 έν
585 1093 699 1175 αύτοίς
710 1095 905 1202 μοσχεύητε,
917 1101 953 1163 ad
967 1102 1025 1163 hoc
1041 1101 1073 1162 εί
1088 1097 1127 1161 δὲ
1142 1092 1196 1160 κό-

192 1178 297 1265 πηλός
314 1175 385 1246 ἔστι
402 1185 565 1265 πονηρίας
581 1181 637 1246 καλ
653 1178 904 1266 παλιγκάπηλος
919 1181 974 1247 καὶ
991 1175 1230 1284 μεταβολεύςλυ

191 1280 221 1331 et
234 1268 312 1329 mille
326 1267 403 1347 talia,
417 1277 448 1328 ut
460 1279 637 1348 praeteream
652 1288 724 1348 quae
739 1270 775 1331 ab
789 1270 937 1332 Aeschine
952 1261 1124 1346 θαύματα,
1141 1283 1196 1326 non

152 1367 184 1418 10
192 1345 320 1433 ῥηματα
341 1363 487 1413 vocantur.
519 1352 551 1413 ln
569 1354 738 1414 eontrarium
758 1354 859 1414 incidi:
881 1355 962 1414 dices
983 1352 1060 1412 hunc
1081 1365 1196 1430 quoque
1284 1361 1285 1368 ¹

192 1437 230 1496 ob
248 1440 302 1499 ista
320 1435 435 1514 culpari.
468 1435 526 1496 Sed
539 1436 606 1496 vide
627 1444 732 1514 quanto
747 1440 836 1498 maior
857 1440 895 1498 sit
911 1439 958 1516 qui
975 1435 1196 1536 reprehenditur

190 1522 255 1598 ipso
275 1518 521 1598 reprehendente,
548 1529 576 1579 et
592 1523 681 1579 maier
700 1520 737 1580 oh
752 1521 832 1581 haec.
865 1520 897 1581 lu
913 1520 976 1583 aliis
991 1521 1065 1580 euim
1079 1521 1144 1595 vis
1169 1519 1196 1576 iu

150 1617 181 1668 ll
191 1604 235 1664 his
250 1601 393 1682 granditas
409 1603 471 1662 eins
487 1602 592 1663 elucet.
611 1600 685 1661 Num
697 1613 791 1664 autem
805 1604 991 1665 Aeschines
982 1621 1047 1703 ipse
1062 1601 1109 1662 his
1125 1618 1195 1681 quae
1203 1600 1230 1654 15

190 1690 219 1747 iu
236 1685 431 1788 Dempsthene
451 1687 600 1782 carpebat
600 1684 756 1746 abstinuit?
782 1680 887 1748 δεῖ
848 1706 913 1766 γαρ
930 1677 1033 1747 ταύτό
1051 1683 1196 1763 φδέμμε
1285 1707 1286 1764 p

192 1760 482 1872 σδαιτδνρήτορα
498 1761 600 1830 καὶ
566 1788 628 1830 τον
638 1788 760 1870 νομου
779 1789 862 1830 οταν
874 1766 911 1831 δὲ
923 1766 1040 1848 έτεραν
1051 1761 1117 1848 μὲν
1130 1787 1195 1847 φα·
1285 1769 1286 1788 ³

191 1846 257 1954 νὴν
274 1846 393 1996 ἄφιῇό
413 1848 517 1932 υόμος
535 1847 652 1950 ἑτέραν
669 1845 743 1914 δέδ
761 1844 883 1933 ῥήτωρ.
910 1853 978 1914 Alto
998 1852 1066 1913 λοοο
1083 1850 1196 1913 ἔπειτα

191 1928 412 2036 ἀναφαίνεται
429 1955 470 1997 πε
493 1930 505 1996 λ
522 1954 659 1996 παντων
677 1927 716 1996 εὐ
731 1956 777 2019 τρι
764 1936 895 2037 φωτί.
914 1935 1020 1998 lterum
1038 1935 1094 1995 alio
1119 1925 1193 1996 ἀλλ’

192 2011 419 2121 ἑμκαδρμευοι
437 1953 524 2080 μαλ’
504 1998 778 2117 ἐνεδρεύοντες’
765 2039 802 2081 εν
810 2019 859 2118 τῇ
876 2011 1036 2100 ἀκροάσει
1048 2011 1194 2080 είσελαύ-
1202 2023 1231 2076 λλ

191 2121 266 2163 υετε
281 2120 386 2162 αυτον
399 2100 444 2173 είς
455 2093 534 2174 τούς
547 2094 763 2204 παρανόμους
777 2095 909 2182 λόγους.
939 2103 1025 2177 Quod
1041 2102 1115 2163 adeo
1131 2118 1195 2200 prp-

151 2187 269 2250 labavit
283 2195 314 2247 nt
328 2193 440 2283 repetat
454 2176 529 2247 ἀλλ’
548 2177 661 2285 ύσπερ
680 2177 718 2248 ἐν
731 2194 802 2259 ταῖς
818 2184 1054 2285 ἱπποδρομίαις
1072 2185 1119 2258 είς
1135 2177 1195 2247 τόν

192 2270 254 2330 τού
271 2261 463 2348 πράγματος
478 2260 724 2368 αύτόνδρόμον
737 2261 956 2332 εἰσελαύνετε.
985 2269 1103 2332 lamilla
1119 2287 1195 2368 corp·
1286 2327 1287 2346 p

191 2353 301 2415 modius
318 2354 504 2435 pressiusque
527 2345 571 2415 σύ
589 2348 626 2415 δὲ
644 2344 885 2453 έλιιοποιελς,“
864 2374 885 2433 η
905 2344 1174 2436 συλλαβόντες*
1151 2371 1195 2424 ως

193 2429 320 2517 λῃστὴν
337 2438 407 2498 τόν
424 2431 628 2516 πραγμάτων
646 2429 701 2498 διὰ
718 2438 776 2516 τῆς
793 2438 960 2512 πολιτείας
977 2435 1138 2517 πλέοντα,
1164 2443 1230 2500 etti

152 2530 183 2582 13
192 2518 266 2581 alia?
280 2520 414 2600 Expecto
429 2530 460 2581 ut
474 2521 611 2601 quaedam
620 2541 658 2582 ex
667 2522 720 2583 hae
730 2522 862 2640 epistula,
877 2531 909 2583 ut
919 2521 991 2582 illud
1002 2521 1193 2599 gubernacu-

190 2603 218 2664 la
231 2613 360 2683 gemunt'
383 2615 412 2666 et
433 2605 489 2665 dis
503 2607 771 2685 mansproximue’,
792 2605 883 2666 isdem
897 2608 973 2668 notis
989 2606 1092 2685 quihus
1109 2623 1145 2664 ea
1159 2601 1194 2663 de

189 2688 1194 2852 itittzttlhttt‘tiitiiiitttthitiffltttttt

191 2853 250 2915 dias
265 2853 349 2930 lieet,
375 2854 440 2914 dum
460 2856 544 2917 modo
555 2859 609 2916 iarn
623 2875 697 2917 nnnc
712 2856 839 2918 destines
861 2856 937 2916 diem
955 2873 1013 2937 quo
1035 2865 1065 2916 ct
1085 2855 1122 2915 de
1136 2853 1231 2923 illisae

192 2947 221 3000 et
242 2937 279 2998 de
299 2938 343 2998 his
364 2954 459 2998 coram
474 2941 592 3017 exigere
614 2943 767 3020 possimus.
797 2940 856 3000 Aut
875 2943 949 3000 euim
963 2950 993 2999 tu
1008 2959 1054 3000 me
1068 2937 1193 2999 timidum

190 3031 238 3083 aut
254 3039 310 3102 ego
325 3031 355 3084 te
373 3023 550 3083 temerarium
565 3023 675 3084 faciam.
706 3023 787 3084 Vale.

632 3157 750 3218 XXVII.

461 3255 488 3308 ο.
505 3255 630 3308 returns
647 3256 798 3309 runcano
817 3257 877 3310 suo
894 3257 921 3312 s,
1198 3279 1231 3334 et

167 3370 181 3422 l
251 3360 360 3433 Quanta
375 3369 514 3438 potestas,
535 3369 636 3440 quanta
654 3359 792 3438 dignitas,
813 3370 916 3440 quanta
936 3363 1085 3438 maiestas,
1108 3377 1192 3439 quan-

190 3451 248 3502 tum
260 3443 381 3522 denique
395 3461 497 3503 numen
511 3445 548 3503 sit
562 3444 696 3504 historiae
713 3461 777 3504 cum
797 3443 962 3523 frequenter
977 3444 1046 3506 alias
1057 3454 1115 3505 tum
1126 3459 1191 3521 pro·

190 3527 265 3584 xime
280 3527 367 3585 sensi.
394 3524 574 3586 Recitaverat
590 3525 702 3605 quidam
715 3529 894 3588 verissimum
908 3527 1011 3588 librum
1026 3537 1189 3608 partemque
