2632 4096
302 301 564 364 EPISTULARUM
580 303 627 364 vl.
650 312 693 366 23.
705 313 748 366 24.
761 314 804 366 25.
817 313 861 368 26.
1033 302 1093 368 125

95 470 131 513 ex
149 450 254 512 diutino
275 453 373 514 morbo
394 455 470 514 eirea
491 454 611 514 velanda
632 457 762 535 eorporis
782 455 927 517 uleeribus
941 463 1093 534 putresee-

94 535 152 596 bat·
168 554 243 596 uxor
256 548 287 598 ut
300 539 456 615 inspiceret
472 541 584 615 exegit3
599 557 694 618 neque
710 540 783 599 euim
799 553 967 618 quemquam
982 538 1093 600 fidelius
1133 601 1139 614 ,

94 619 275 680 iedioaturum
288 631 426 700 possetne
447 623 547 680 sanari.
565 621 663 700 Vidit,
680 623 858 701 desperavit:
878 623 988 682 hortata
1004 632 1049 682 est
1063 630 1124 707 uti

94 711 249 763 moreretur
274 721 429 784 comesque
449 707 512 782 ipsa
531 708 646 784 mortis,
669 706 726 766 dux
745 709 828 766 immo
844 714 873 766 et
888 704 1049 784 exemplum
1065 715 1094 766 et
1113 713 1122 747 ν’

72 788 250 850 tneoessitas
267 787 328 849 fuit.
351 786 543 848 Nemeaeum
553 791 651 850 marito
663 789 761 868 ligavit
776 789 937 868 abiecitque
950 791 979 848 in
992 787 1092 848 laeum.
1133 839 1136 842 ,

95 869 173 942 Quod
188 871 296 931 laetum
312 889 348 931 ne
363 872 429 931 mibi
444 871 574 951 quidem,
591 875 638 951 qui
654 875 821 952 municeps,
836 874 891 934 nisi
905 874 1035 952 proxime
1046 883 1119 936 au·5

95 952 176 1012 ditum
197 964 261 1032 est,
282 972 339 1014 non
357 957 421 1034 quia
441 957 532 1016 minus
552 954 602 1014 iilo
621 956 778 1017 clarissimo
799 956 902 1016 Arriae
923 955 1018 1034 laeto,
1039 955 1093 1016 sed

95 1039 155 1114 quia
166 1040 259 1098 minor
271 1039 345 1117 ipsa.
377 1038 457 1100 Vale.

61 1203 89 1263 w
550 1172 639 1236 xxv.

364 1271 391 1325 C.
411 1271 537 1324 PLINIUS
555 1271 694 1324 ffisenuo
714 1269 774 1323 SUO
793 1270 821 1324 S.

153 1371 266 1432 Soribis
285 1373 461 1453 Robustum,
488 1374 665 1454 splendidum
686 1376 812 1453 equitem
831 1371 1003 1452 Romanum,
1031 1392 1118 1442 euml

96 1452 175 1514 Atilio
190 1455 313 1533 Seauro,
328 1460 419 1519 amieo
435 1476 511 1535 meo,
529 1457 691 1519 Oorieulum
705 1476 798 1538 usque
807 1473 955 1518 commune
963 1460 1018 1518 iter
1028 1475 1093 1536 per·

98 1539 205 1616 egisse,
228 1539 333 1600 deinde
347 1559 484 1620 nusquam
501 1545 709 1622 comparuisse:
725 1545 802 1622 potis
811 1551 847 1614 ‚ut
862 1542 986 1604 Seaurus
1000 1545 1094 1604 veniat

63 1628 211 1702 tonosque,
227 1626 253 1684 si
269 1633 382 1703 potest,
398 1627 428 1686 iu
441 1625 534 1705 aliqua
548 1627 736 1704 inquisitionis
750 1628 872 1704 vestigia
885 1625 1008 1687 inducat.
1037 1625 1119 1694 Veo

95 1705 162 1774 niet;
182 1725 290 1768 vereor
310 1727 347 1770 ue
369 1709 482 1771 frustra.
511 1710 650 1789 Suspioor
672 1711 745 1770 enim
764 1709 822 1770 tale
840 1711 940 1771 neseio
955 1709 1022 1787 quid
1037 1709 1093 1769 Ro-

96 1787 174 1850 busto
188 1791 332 1853 aooidisse
354 1793 436 1872 quale
457 1792 722 1872 aliquandobietilio
738 1791 853 1871 Crispo,
868 1794 1001 1872 municipi
1018 1811 1092 1853 meo.

95 1869 162 1934 iiuie
176 1893 234 1952 ego
250 1875 378 1936 ordinem
391 1878 597 1956 impetraveram
611 1878 703 1957 adque
719 1881 803 1938 etiam
818 1877 1012 1955 prolieiseenti
1027 1893 1121 1955 qua-a

97 1953 217 2034 draginta
233 1958 311 2020 milia
330 1977 471 2020 nummum
492 1961 527 2022 ad
547 1962 739 2022 instruendum
760 1980 793 2021 se
813 1961 1023 2040 ornandumque
1044 1961 1094 2022 do·

62 2037 238 2122 blaesorum,
261 2061 316 2103 neo
337 2054 439 2123 postea
460 2054 508 2104 aut
528 2044 666 2124 epistulas
683 2047 745 2107 eius
760 2054 807 2104 aut
822 2044 944 2124 aliquem
965 2046 1002 2105 de
1017 2047 1095 2106 exitu

96 2127 214 2186 mutium
229 2129 342 2206 aeeepi.
373 2126 592 2208 interceptusne
608 2132 643 2191 sit
657 2147 673 2188 a
688 2131 748 2190 suis
762 2147 797 2188 an
813 2148 876 2189 oum
892 2131 952 2191 suis
966 2129 1121 2193 dubiumzt

98 2218 172 2270 uerte
185 2228 244 2270 non
258 2211 334 2289 ipse,
349 2229 406 2272 non
421 2214 569 2292 quisquam
582 2231 621 2273 ex
635 2215 727 2274 servis
742 2215 805 2273 eius
815 2215 953 2294 apparuit
975 2213 1013 2274 Ut
1021 2233 1058 2274 ue
1066 2215 1095 2273 in

96 2287 220 2354 Robusto
234 2310 350 2374 quoqne
359 2295 434 2357 idem
443 2295 636 2376 experiamur!
647 2295 1093 2362 TameuaoeersamusSoaurum.

98 2370 199 2438 bemus
212 2378 271 2439 boo
285 2381 359 2457 tuis,
375 2379 473 2440 demus
488 2383 586 2461 optimi
600 2379 792 2442 adulescentis
807 2381 1014 2442 honestissimis
1029 2391 1121 2459 pre-5

65 2457 185 2539 litibus,
200 2464 250 2542 qui
265 2464 370 2542 pietate
384 2465 469 2542 mira,
484 2467 553 2526 mira
568 2466 651 2526 etiam
668 2465 841 2543 sagacitate,
853 2474 961 2544 patrem
976 2465 1094 2542 quaerit.

98 2537 131 2601 bi
143 2543 266 2623 iaveant,
281 2555 312 2606 ut
326 2548 370 2608 sie
383 2549 506 2610 inveniat
520 2551 628 2627 ipsum,
644 2546 878 2628 quemadmodum
891 2550 945 2608 iam
961 2565 1026 2607 eum
1038 2563 1095 2626 quo

99 2623 194 2690 inisset
206 2631 329 2692 invenit!
358 2630 439 2692 Vale.

540 2763 642 2825 XXVI.

67 2870 95 2924 ω
357 2863 384 2914 o.
403 2863 530 2916 ausurus
546 2865 707 2917 suavrnuo
728 2863 787 2915 suo
804 2863 830 2914 s,

156 2962 270 3026 Gaudeo
287 2975 316 3026 et
335 2966 464 3044 gratulor
483 2968 560 3048 qnod
576 2967 671 3029 Rosos
692 2967 841 3029 Salinatori
857 2967 941 3030 liliam
955 2976 1030 3028 tumn
1046 2968 1121 3030 de-l

102 3045 212 3108 stiuasti.
229 3048 338 3110 Domus
350 3053 477 3129 patricia,
493 3062 575 3131 pater
584 3051 811 3130 honestissimus,
826 3060 917 3112 mater
926 3055 987 3130 pari
997 3050 1096 3119 iaude;

103 3126 159 3204 ipse
174 3133 327 3213 studiosus,
343 3134 494 3213 litteratus,
510 3137 594 3196 etiam
607 3136 742 3212 disertus,
757 3154 830 3216 puer
839 3134 1032 3214 simplieitate,
1048 3150 1097 3192 eo-

103 3213 190 3276 nitate
209 3220 338 3296 invenis,
360 3237 450 3279 senex
469 3221 621 3296 gmvitate:
644 3222 828 3299 nequeenim
847 3235 943 3278 amore
958 3217 1097 3293 desipior.

70 3292 170 3355 Ulmo
182 3301 294 3378 quidem
308 3301 399 3362 effuse
414 3303 467 3380 (ita
482 3303 603 3382 officiis,
620 3306 658 3364 ita
674 3305 835 3365 reverentia
849 3301 985 3379 meruit),
1001 3299 1122 3359 iudiuou

104 3384 204 3459 bueo,
226 3394 256 3446 et
274 3386 386 3465 quidem
401 3395 477 3447 tanto
493 3389 586 3448 aerius
603 3396 707 3466 quanto
721 3389 810 3464 magis
824 3401 905 3463 amo,
927 3384 1052 3462 tibique,
1067 3392 1098 3442 nt

105 3463 148 3537 qui
162 3467 383 3546 exploraverim,
399 3470 530 3549 spondeo
545 3470 704 3532 habiturum
718 3480 748 3532 te
763 3487 901 3547 generum
917 3486 974 3548 quo
995 3466 1097 3527 melior

107 3541 166 3624 flussl
179 3568 214 3610 ne
224 3561 292 3614 voto
307 3552 420 3632 quidem
434 3555 533 3633 potuit.
565 3554 704 3634 Superest
724 3561 754 3613 ut
773 3570 855 3614 avum
870 3562 899 3613 te
913 3568 996 3632 quam
1010 3558 1123 3612 unta-3
