2614 4104
207 249 271 314 272
628 249 663 310 G.
681 248 802 310 PblNl*

208 406 303 483 cipem
324 403 370 463 cui
390 403 501 466 docenti
522 411 552 462 et
571 401 705 463 incolumi
724 420 874 482 numquam
887 404 942 463 nisi
956 402 1059 464 modici
1074 402 1213 481 bonores,

207 489 323 566 saepius
336 485 407 547 nulli
421 486 654 547 decernerentur.
676 485 714 547 Et
730 504 816 564 sane,
830 488 855 547 si
869 484 989 548 velimus
1006 506 1072 548 cum
1087 489 1215 566 priorum

206 581 366 652 temporum
375 572 549 632 necessitate
567 581 695 647 certare,
711 571 872 632 vincemur:
887 572 1063 648 ingeniosior
1077 581 1125 632 est
1141 574 1214 633 enim
1298 609 1299 624 ι

205 655 242 716 ad
256 653 473 732 excogitandum
488 653 629 714 simulatio
644 657 780 732 renate,
803 655 927 716 servitus
945 653 1096 731 libertate,
1120 665 1214 718 metus
1298 657 1299 670 ¹

205 756 312 799 amore.
338 736 444 814 Simul,
461 755 525 797 cum
538 739 593 798 iam
607 737 717 817 pridem
732 740 843 798 novitas
858 740 950 798 omnis
967 737 1131 801 adulatione
1147 748 1236 800 con-5
1298 797 1299 800 ,

206 830 317 900 sumpta
339 823 392 896 sit,
412 837 471 880 non
489 819 561 882 alius
581 839 650 899 erga
670 832 700 883 te
716 839 808 883 novus
823 822 915 882 honor
933 831 1067 900 superest
1088 841 1175 901 quern
1191 825 1214 884 si

205 903 355 984 aliquando
367 904 403 965 de
413 914 445 964 te
456 914 554 965 tacere
567 905 730 966 audeamus.
751 906 833 982 Age,
849 907 873 964 si
886 905 997 983 quando
1010 907 1105 984 pietas
1117 915 1214 966 nostra

208 988 349 1048 silentium
362 989 439 1067 rupit
453 997 482 1048 et
496 988 696 1050 verecundiam
709 998 785 1049 tuam
799 989 883 1066 vicit,
904 1007 977 1066 quae
993 988 1148 1068 qualiaque
1168 1000 1215 1050 aut

207 1071 386 1132 decernimus
405 1088 459 1133 nos
473 1080 522 1132 aut
534 1080 564 1130 tn
578 1089 635 1132 non
648 1071 781 1133 recusas!
807 1081 837 1132 ιιι
856 1081 991 1151 appareat
1004 1090 1060 1132 non
1076 1074 1213 1152 superbia

208 1164 238 1216 et
254 1153 366 1217 fastidio
377 1164 407 1216 ts
422 1153 612 1234 amplissimos
625 1155 750 1215 bonores
764 1155 931 1234 repudiare,
952 1157 999 1235 qni
1014 1158 1141 1216 minores
1157 1173 1213 1216 non
1223 1167 1249 1217 ιο

208 1239 382 1317 dedigneris.
407 1236 556 1301 Pulcbrius
569 1238 643 1318 boc,
660 1238 777 1317 Caesar,
793 1241 914 1317 quamsi
928 1257 1079 1300 recusares
1093 1257 1211 1300 ornnes:

207 1341 270 1384 nam
284 1341 419 1384 recusare
434 1339 533 1384 omnes
548 1324 724 1400 ambitionis,
744 1322 900 1384 moderatio
917 1332 962 1384 est
976 1322 1087 1401 eligere
1103 1326 1212 1402 parcis·

208 1410 305 1469 simos.
336 1405 401 1480 Quo
414 1415 638 1486 temperamento
654 1416 683 1468 et
697 1407 781 1468 nobis
797 1417 826 1466 et
839 1409 949 1467 aerario
965 1406 1107 1470 consulis:
1129 1408 1211 1468 nobis

208 1488 339 1569 quidem,
360 1489 437 1568 quod
458 1491 534 1550 orani
554 1489 663 1552 liberas
683 1492 858 1571 suspitione:
879 1493 988 1552 aerario
1002 1500 1113 1569 autern,
1136 1491 1211 1571 quod

207 1574 366 1652 sumptibus
380 1574 442 1634 eius
456 1572 576 1634 adbibes
592 1572 724 1653 modum,
747 1585 777 1636 ut
794 1577 843 1654 qui
859 1574 1026 1636 erbaustnnr
1040 1593 1098 1635 nou
1112 1577 1154 1636 sis
1170 1577 1209 1634 in·
1219 1585 1248 1637 15

207 1659 369 1719 nocentium
381 1657 464 1718 bonis
478 1657 651 1736 repleturus.
682 1657 763 1720 Stant
777 1661 863 1736 igitur
877 1659 990 1736 effigies
1004 1668 1088 1736 tuae,
1110 1658 1210 1738 quales

207 1741 274 1802 olim
293 1742 331 1802 ob
355 1743 473 1820 egregia
490 1744 518 1802 in
538 1760 599 1802 rem
620 1741 762 1820 publicam
782 1743 881 1803 merita
901 1743 1016 1821 privatis
1036 1742 1209 1803 dicabantur.

206 1824 342 1886 visuntur
356 1824 456 1886 eadem
471 1844 489 1885 o
502 1828 618 1886 materia
633 1825 764 1887 Caesaris
779 1834 887 1887 statuae
903 1844 957 1904 qua
974 1825 1141 1904 brutorum,
1155 1844 1210 1905 qua
1298 1871 1299 1902 3

208 1907 397 1972 Camillorum.
425 1905 489 1968 Nec
504 1910 648 1989 discrepat
664 1927 757 1970 eausa.
786 1907 833 1968 Illi
849 1911 922 1970 enirn
935 1928 1023 1987 repes
1038 1909 1209 1988 hostemque
1298 1913 1299 1916 ’

206 1995 346 2052 rictorem
356 1992 505 2053 moenibus
513 1992 698 2072 depulerunt5
709 1993 756 2052 bic
765 2006 886 2070 regnum
896 1995 999 2073 ipsum,
1012 2011 1146 2076 qnaeqqe
1156 1993 1249 2056 alnao

208 2076 357 2153 captivitas
370 2076 472 2152 gignit,
487 2085 568 2137 arcet
576 2095 612 2137 ec
623 2085 791 2154 summovet,
809 2075 965 2156 sedemque
981 2077 1091 2138 obtinet
1105 2079 1210 2156 princi-

206 2159 269 2237 pis,
284 2177 321 2218 ne
334 2161 370 2219 sit
384 2157 498 2219 domino
511 2159 605 2222 locus.
626 2160 672 2220 Ac
685 2160 751 2220 mibi
765 2162 883 2222 intuenti
898 2161 1065 2240 sapientiam
1074 2171 1151 2222 tuam
1159 2163 1210 2220 ari·

206 2259 260 2303 nus
275 2244 374 2302 mirum
388 2243 502 2304 videtur
515 2244 593 2323 quod
607 2243 740 2306 mortales
760 2246 834 2306 istos
849 2245 1032 2323 caducosqne
1049 2243 1150 2306 titulos
1163 2253 1211 2306 aut

131 2325 133 2338 ¹
207 2327 373 2406 depreceris
393 2337 441 2388 aut
460 2336 616 2408 temperes.
651 2329 715 2388 Scis
737 2330 811 2388 enirn
830 2329 878 2389 ubi
893 2346 960 2390 vera
979 2330 1135 2408 principis,
1160 2329 1209 2388 nbi

207 2412 379 2488 sempiterne
389 2414 426 2472 sit
434 2409 535 2489 gloria,
550 2412 598 2472 ubi
609 2413 664 2472 sint
677 2412 802 2472 honores
814 2414 843 2471 in
857 2429 930 2491 quos
943 2412 1013 2473 nibil
1025 2412 1155 2490 dammis,
1169 2414 1210 2472 ni·
1218 2422 1250 2474 ii

206 2493 246 2554 bil
267 2497 426 2572 senectuti,
448 2495 516 2556 nibil
540 2497 758 2556 successoribus
782 2497 877 2556 liceat.
907 2495 1002 2558 Arcus
1017 2498 1092 2556 enim
1107 2506 1138 2556 et
1153 2506 1210 2556 sta·

205 2587 284 2652 tuas,
299 2597 362 2640 aras
378 2581 462 2640 etiam
476 2579 640 2658 templaque
655 2577 805 2640 demolitum
821 2588 851 2639 et
865 2581 1000 2642 obscurat
1015 2579 1139 2656 oblivio,
1159 2598 1210 2639 ne-

206 2661 298 2739 glegit
320 2665 467 2741 carpitque
485 2665 655 2742 posteritas:
683 2673 782 2725 nonna
805 2673 985 2744 contemptor
1001 2665 1161 2724 ambitionis
1181 2674 1212 2738 et

205 2745 329 2806 infinitae
350 2749 500 2825 potestatis
521 2746 643 2806 domitor
661 2764 696 2806 ae
714 2748 840 2808 irenator
858 2749 966 2808 animus
987 2749 1050 2827 ipsa
1067 2756 1210 2808 vetustate

206 2826 348 2902 durescit,
363 2847 419 2890 nee
435 2830 471 2890 ab
486 2829 552 2892 ullis
567 2831 657 2909 magis
672 2829 800 2891 laudatur
815 2847 898 2910 quam
913 2831 1016 2911 quibus
1030 2832 1144 2892 minime
1158 2840 1251 2894 neto

206 2928 293 2972 cesse
307 2920 363 2972 est.
379 2911 548 2976 Praetereo
557 2921 591 2976 ut
603 2915 732 2993 quiaque
744 2915 849 2994 fectus
863 2924 908 2976 ert
919 2917 1078 2994 princeps,
1093 2925 1211 2976 easm-

202 2996 253 3071 pio
271 2995 359 3074 same
379 2997 462 3072 eiua,
482 2998 633 3059 incertum
654 3000 733 3060 borsa
752 3017 794 3059 aa
807 3000 907 3074 mota,
931 3004 1066 3060 aetenam
1080 3007 1212 3060 aetem

142 3087 147 3096 '
205 3089 260 3143 eat.
284 3077 349 3139 Non
365 3098 436 3158 ergo
457 3091 597 3160 perpetua
616 3083 739 3161 principi
760 3081 849 3157 iarna,
874 3100 948 3161 quae
968 3083 1085 3142 invitum
1102 3091 1210 3159 manet,

205 3163 259 3224 sed
280 3163 354 3224 bona
368 3165 599 3244 concupiscenda
616 3174 675 3226 est:
700 3184 735 3226 ea
748 3183 835 3244 porro
849 3183 906 3227 uon
922 3167 1089 3243 imaginibus
1105 3176 1138 3226 et
1152 3176 1212 3227 sta·

205 3248 260 3306 tuis
283 3247 336 3308 scd
359 3250 463 3309 virtute
488 3266 523 3310 ac
546 3250 655 3310 meritis
681 3259 858 3328 prorogatur.
900 3248 974 3323 Quin
996 3252 1079 3310 etiam
1099 3249 1252 3314 levioradt

205 3329 295 3406 baec,
320 3329 439 3392 formam
463 3334 600 3410 principis
622 3332 812 3412 figuramque,
840 3351 897 3394 nou
918 3349 1014 3394 aarum
1037 3332 1141 3395 melius
1161 3333 1212 3394 vel

205 3422 353 3490 argentum
375 3431 458 3493 pam
478 3415 560 3475 iavor
585 3415 726 3476 hominnm
753 3419 892 3495 exprimat
917 3426 1081 3495 teneatque.
1126 3415 1213 3490 Quod

146 3535 151 3545 .
207 3495 320 3570 quidem
340 3496 454 3573 prolixe
475 3497 527 3557 tibi
549 3498 746 3578 cumulateque
768 3502 923 3579 contingit,
954 3503 1034 3560 cuius
1055 3500 1212 3562 laetissima
