2614 4104
280 291 695 359 brenmulae-os.
710 293 880 372 [so—sm]
1015 293 1078 360 uel

404 429 425 482 a
447 444 550 508 xcvi.
570 443 708 523 [novin]

294 563 322 618 G.
340 562 465 615 PLINIUS
483 559 625 613 TRAIANO
643 559 852 614 incestuosi.

140 701 283 762 sollemne
299 711 344 762 est
357 700 439 779 mibi,
456 700 586 778 dominc,
607 701 699 760 omnia
714 699 750 758 de
766 697 868 776 quibus
883 695 982 762 dubito
999 698 1035 762 ad
1048 711 1103 764 tet

61 785 193 846 treicme.
226 784 297 860 Quis
315 787 390 847 enim
408 794 506 864 potcst
525 783 628 844 melius
643 782 692 844 vel
708 782 915 844 cunctationem
929 799 1019 844 meam
1032 802 1078 846 re·

82 887 147 945 gere
162 869 209 930 vel
231 870 415 946 ignorantiam
437 865 592 930 extruere?
618 865 834 946 Cognitionibus
854 865 890 928 de
911 864 1078 930 Christianis

82 953 189 1014 interfui
202 971 369 1032 numquam:
390 952 455 1013 ideo
469 953 569 1013 nescio
581 950 649 1032 quid
664 960 694 1012 et
709 960 847 1030 quatenus
863 959 910 1011 aut
924 953 1017 1031 puniri
1031 969 1078 1014 so·

82 1035 135 1097 leat
147 1046 194 1097 aut
211 1039 318 1116 quaeri.
340 1035 404 1098 Nec
418 1036 600 1098 mediocriter
614 1035 752 1096 haesitavi
766 1036 841 1096 sitne
851 1033 967 1114 aliquod
978 1036 1104 1099 discrit

81 1137 141 1180 meu
160 1130 284 1182 aetatum
302 1138 338 1181 an
358 1120 511 1201 quemlibet
532 1121 624 1181 teneri
641 1119 710 1180 nihil
728 1137 746 1180 s
766 1118 976 1180 robustioribus
997 1119 1079 1182 oruc·

49 1213 148 1282 lorant,
163 1204 247 1266 detur
260 1206 448 1284 paenitentiae
462 1206 546 1264 venia
559 1223 595 1265 arr
608 1205 636 1264 ei
648 1205 696 1282 qui
709 1203 822 1262 omniuo
837 1197 1012 1264 Christidnus
1026 1204 1080 1265 luit

83 1287 189 1350 desisse
200 1306 258 1349 non
274 1291 381 1368 prosit,
397 1306 501 1349 nomen
514 1289 617 1365 ipsum,
633 1289 658 1348 si
672 1286 787 1363 flagitiis
802 1295 909 1364 cureat,
923 1304 958 1346 ao
973 1286 1079 1364 flagitia

84 1372 259 1434 cohaerentia
274 1375 378 1433 nomini
395 1373 552 1451 puniantur.
584 1369 700 1431 Interim
716 1372 749 1430 ic
769 1370 804 1430 iis
825 1369 874 1448 qui
893 1369 928 1431 ad
948 1388 994 1430 mc
1009 1379 1079 1434 tata·

83 1473 159 1532 quam
177 1454 330 1519 Christiani
350 1456 552 1518 deferebantur
570 1455 646 1516 hunc
665 1473 728 1516 sum
748 1463 866 1516 secutus
881 1453 1003 1515 modum.
1035 1451 1106 1516 lna-s

83 1543 220 1618 terrogavi
234 1541 315 1618 ipsos
328 1559 363 1600 an
374 1550 473 1602 esseut
488 1537 648 1600 Christiani.
672 1537 849 1601 Confitentes
864 1539 965 1600 itemm
977 1557 1011 1600 ac
1022 1546 1079 1600 ter-

50 1625 117 1682 lotio
130 1625 319 1702 interrogavi,
340 1623 512 1703 supplicium
526 1626 661 1684 minatus:
680 1632 902 1702 perseverantes
918 1623 984 1683 duci
999 1624 1078 1684 iussi.

83 1704 178 1786 Neque
196 1710 271 1769 enim
291 1707 467 1786 dubitabam,
491 1707 697 1787 qualecumque
718 1714 799 1767 esset
818 1705 894 1784 quod
911 1705 1077 1783 faterentur,

83 1793 262 1867 pertinaciam
276 1803 356 1853 certe
373 1800 403 1853 et
423 1789 606 1852 inflexibilem
621 1790 840 1851 obstinationem
852 1787 961 1849 debere
976 1789 1077 1868 puniri.

83 1871 201 1935 Fuemnt
216 1875 264 1936 ulii
284 1875 383 1936 similis
402 1877 540 1936 amentiae
556 1891 646 1954 quos,
669 1875 733 1953 quia
755 1874 835 1933 cives
854 1871 973 1932 Romani
988 1881 1106 1950 erant,4

84 1957 207 2020 adnotavi
228 1960 256 2018 in
277 1959 376 2020 urbem
396 1959 592 2020 remittendos.
627 1957 697 2018 Mon
718 1958 782 2037 ipso
803 1965 938 2035 tractatu,
967 1967 997 2017 ut
1018 1956 1078 2017 fieri

49 2040 169 2121 bosolet,
192 2042 365 2104 diffundente
381 2061 414 2103 se
435 2045 550 2104 crimine
565 2041 665 2122 plures
681 2042 798 2120 species
810 2040 978 2104 inciderunt.
1011 2038 1105 2111 Pro-,5

84 2129 189 2202 positus
207 2137 254 2190 est
271 2126 386 2189 libellus
406 2128 468 2188 siue
485 2137 606 2188 auctore
624 2125 776 2187 multorum
789 2127 902 2187 nomina
919 2127 1078 2187 continens.

86 2207 135 2282 bur
154 2212 296 2291 negabant
319 2230 387 2274 esse
409 2230 443 2272 se
459 2207 633 2271 Christianos
648 2219 695 2272 aut
710 2210 817 2287 fuisse,
840 2227 904 2291 cum
922 2218 1079 2289 praeeunte

84 2309 125 2352 me
139 2295 209 2357 deos
225 2294 404 2374 appellarent
419 2302 449 2356 et
463 2296 576 2372 imagini
591 2303 668 2371 tuae,
685 2311 767 2373 quam
781 2303 901 2373 propter
915 2293 971 2353 hoc
986 2295 1080 2354 iusse-

85 2393 138 2436 ram
157 2397 222 2439 cum
240 2378 399 2440 simulacris
418 2381 559 2438 numinum
573 2377 695 2455 adferri,
722 2386 786 2437 turs
806 2395 841 2437 ac
854 2377 920 2437 rino
935 2375 1079 2456 supplica·

50 2464 151 2541 terent,
166 2473 318 2542 praeterea
331 2461 405 2524 male
421 2462 549 2523 dicerent
561 2461 685 2538 Christo,
703 2477 821 2540 quorum
832 2460 901 2522 nibil
912 2475 1001 2540 posse
1013 2462 1080 2538 cogi

86 2542 209 2607 dicuntur
224 2548 351 2627 quisunt
366 2565 398 2607 rc
412 2564 482 2607 vera
497 2544 665 2624 Christiani,
686 2543 867 2606 dimittendos
885 2563 952 2606 esse
973 2545 1078 2623 putavi.

84 2627 136 2689 dlii
149 2633 183 2693 ab
205 2632 299 2692 indice
320 2631 453 2691 nominati
473 2649 594 2692 essese
615 2627 791 2691 Christianos
811 2627 943 2689 dixerunt
964 2638 994 2689 et
1013 2640 1105 2694 moxti

84 2725 267 2791 negaverunt;
287 2716 377 2777 tuisse
399 2715 531 2794 quidem,
553 2713 605 2775 scd
625 2713 753 2790 desisse,
777 2713 888 2791 quidam
900 2722 967 2774 ante
980 2711 1081 2792 plures
1147 2748 1150 2754 ·

86 2811 183 2878 annos,
205 2817 262 2860 nou
275 2816 359 2859 nemo
373 2801 456 2859 etiam
470 2808 535 2858 ante
548 2800 647 2876 viginti
663 2815 787 2877 quoque.
816 2795 922 2860 Omnes
938 2807 968 2859 et
983 2798 1080 2877 imagi·

52 2882 145 2940 bouem
157 2892 232 2943 tuam
254 2882 429 2960 deorumque
450 2881 598 2944 simulacra
617 2883 746 2943 venerati
767 2890 832 2942 sunt
853 2883 894 2961 [ii]
916 2892 946 2943 et
966 2879 1080 2943 Christo

87 2963 313 3029 maledixerunt.
348 2966 539 3028 Adfirmabaut
559 2977 653 3028 autem
676 2966 748 3028 hanc
768 2967 859 3028 tuisse
880 2984 1013 3028 summam
1033 2965 1106 3028 vell

89 3047 182 3127 culpae
202 3067 272 3113 suae
286 3049 336 3110 vel
357 3053 478 3129 erroris,
500 3051 577 3129 quod
593 3060 693 3112 esseut
715 3050 793 3112 soliti
808 3060 882 3113 stato
897 3049 944 3112 die
959 3059 1023 3110 ante
1037 3047 1080 3108 lu·

89 3147 145 3230 cem
159 3137 311 3196 convenire
328 3153 499 3214 carmenque
515 3133 628 3196 Christo
644 3136 724 3215 quasi
744 3136 800 3197 deo
814 3135 911 3194 dicere
927 3150 1027 3194 secum
1040 3134 1081 3192 in·

53 3230 500 3382 etttntttffttttttttt
515 3217 1081 3378 :2¹2ttttttttltttltbtttttt

89 3379 229 3464 fallerent,
244 3407 283 3473 'ne
299 3388 461 3468 depositum
478 3386 615 3466 appellati
627 3388 817 3466 abnegarent:
840 3385 942 3464 quibus
956 3383 1081 3463 peractis

88 3483 189 3532 morem
203 3471 258 3532 sibi
272 3471 438 3533 discedendi
454 3471 555 3549 fuisse,
572 3489 730 3550 rursusque
744 3469 778 3530 ad
793 3467 961 3550 capiendum
975 3467 1080 3545 cibum,

89 3556 272 3628 promiscuum
292 3567 385 3618 temen
405 3566 436 3618 et
454 3557 610 3622 innoxium:
638 3554 715 3636 quod
735 3555 827 3634 ipsum
848 3553 947 3615 iacere
967 3551 1081 3616 desisse
