2632 4102
370 289 632 352 nersrunsuun
646 289 683 351 11.
706 260 749 355 ss.
765 301 809 354 rc.
1047 291 1088 354 41

97 443 138 519 gis
152 442 260 504 laudem
274 443 407 524 quemad
424 461 515 505 meum
529 445 703 522 pertineret,
726 461 760 504 ac
776 443 829 502 nisi
850 461 967 522 sperare
983 453 1012 504 te
1027 443 1089 503 vel-

97 524 149 586 lem
163 545 248 606 posse
262 528 356 588 batus
370 529 410 587 tui
425 526 498 587 lilios
513 528 603 607 probe
617 526 741 588 discere.
764 525 849 600 Quod
864 536 1008 607 superest,
1025 543 1114 596 cums

97 613 247 691 omnesqui
261 610 428 689 profitentur
437 610 565 688 audiero,
582 609 648 689 quid
661 609 697 670 de
709 628 824 690 quoque
836 615 954 672 sentiam
967 612 1088 671 scribam

96 693 282 774 ciliciamque,
305 704 436 773 quantum
451 703 545 756 tamen
556 693 677 774 epistula
693 696 831 774 consequi
844 704 964 774 potero,
979 703 1009 755 ut
1025 696 1089 772 ipse

73 787 187 839 somnes
200 778 313 840 audisse
329 777 463 838 videaris.
478 778 581 840 Debeo
597 781 672 838 enirn
686 779 749 856 tibi,
766 779 860 860 debeo
871 779 1023 840 memoriae
1034 779 1116 846 fra-4

94 864 140 922 tris
159 864 198 923 tui
219 863 290 924 banc
306 862 406 940 iidem,
426 862 481 923 lroc
503 863 641 940 studium,
662 865 829 942 praesertim
849 881 937 942 super
957 871 1033 922 tanta
1046 879 1087 925 re.

92 944 158 1004 Nam
173 946 242 1024 quid
259 948 349 1023 magis
370 948 491 1007 interest
510 956 604 1007 vestra
615 965 710 1025 quam
730 957 759 1008 ut
779 945 863 1008 liberi
879 947 1021 1027 (dicerem
1038 947 1088 1022 tui,

92 1031 141 1090 nisi
157 1048 232 1090 nunc
246 1030 319 1091 illos
326 1032 415 1107 magis
431 1032 554 1111 amares)
573 1029 650 1108 digni
669 1030 719 1090 illo
733 1039 831 1110 patre,
847 1041 875 1090 te
890 1041 991 1111 patruo
1005 1046 1089 1108 repe·

92 1112 212 1174 riantur?
231 1131 313 1194 quam
330 1132 424 1174 curam
438 1115 520 1190 milri,
545 1116 737 1174 etiamsinon
752 1115 932 1192 mandasses,
949 1113 1089 1175 vindicas-

56 1201 159 1258 10sem.
179 1197 243 1259 Nec
259 1201 361 1276 ignoro
377 1197 572 1276 suscipiendas
587 1198 711 1259 offensas
725 1201 754 1258 iu
770 1198 903 1276 eligendo
919 1207 1116 1278 praecepto-5

89 1300 130 1358 rc,
145 1281 199 1344 sed
214 1290 333 1360 oportet
347 1300 393 1343 me
406 1297 465 1341 non
484 1282 569 1341 modo
583 1282 708 1344 offensas
723 1301 821 1342 verum
836 1283 919 1342 etiarn
934 1280 1090 1342 simultates

90 1382 140 1444 pro
154 1365 250 1426 fratris
267 1366 307 1426 tui
322 1365 385 1427 liliis
399 1374 455 1426 tam
472 1382 566 1444 aequo
583 1367 675 1426 animo
690 1368 787 1427 subire
799 1371 1025 1444 quam'parentes
1037 1381 1091 1443 pro

89 1451 156 1510 suis.
183 1450 269 1510 Vale.

55 1627 82 1678 [ᾗ
529 1583 646 1646 llvllll.

367 1683 394 1738 e.
413 1683 538 1736 siunins
556 1683 684 1735 canuam
703 1682 764 1734 seo
782 1683 810 1735 s,

150 1783 280 1845 llortaris
308 1793 337 1844 ut
364 1787 521 1846 orationem
541 1785 638 1845 amicis
659 1783 787 1863 pluribus
807 1784 935 1844 recitem.
968 1781 1117 1860 Faciam,l

90 1870 154 1946 quia
166 1869 300 1944 hortaris,
316 1871 443 1948 quamvis
456 1869 641 1930 vehementer
655 1868 825 1929 addubitem.
846 1864 949 1947 Neque
964 1869 1037 1928 enim
1046 1877 1119 1928 mes

91 1955 227 2030 praeterit
241 1955 369 2014 actiones
386 1971 459 2032 quae
473 1955 629 2014 recitantur
642 1955 776 2031 impeturn
787 1968 899 2012 omnem
911 1951 1092 2031 caloremque

54 2039 124 2096 tilae
141 2054 236 2116 prope
256 2054 359 2096 nomen
376 2056 456 2097 sunm
471 2037 610 2115 perdere,
632 2045 662 2095 nt
678 2055 747 2116 quas
763 2035 873 2098 soleant
896 2035 1093 2124 commendare

91 2120 171 2180 simul
182 2130 213 2180 et
224 2119 384 2180 accendere
398 2120 522 2182 iudicum
533 2138 699 2198 consessus,
717 2120 869 2180 celebritas
880 2119 1093 2196 advocatorum,

91 2206 255 2282 expectatio
264 2213 397 2281 eventus,
406 2203 479 2264 lama
490 2221 547 2264 non
557 2206 638 2264 unius
649 2206 764 2281 actoris,
779 2203 979 2283 diductumque
991 2206 1019 2264 in
1031 2221 1093 2282 par·

91 2297 132 2346 tes
152 2287 326 2349 audientium
339 2287 472 2365 studium,
489 2287 595 2349 adhoc
609 2287 730 2348 dicentis
745 2297 857 2365 gestus,
872 2289 1021 2364 incessus,
1037 2286 1092 2349 dis·

91 2389 190 2432 cursus
211 2373 312 2447 etiam,
336 2374 523 2452 omnibusque
542 2371 664 2432 motibus
682 2373 764 2432 animi
786 2380 994 2432 consentaneus
1010 2373 1094 2446 vigor

54 2456 234 2534 tecorporis.
267 2455 348 2516 Unde
363 2455 467 2516 accidit
481 2465 511 2516 ut
527 2456 546 2517 ii
562 2457 609 2535 qni
626 2455 761 2516 sedentes
777 2463 879 2533 agunt,
897 2455 1023 2532 quamvis
1036 2453 1121 2519 illisa

91 2541 208 2598 maxima
225 2558 263 2599 es
284 2548 365 2617 parte
385 2541 529 2619 supersint
548 2539 647 2600 eadem
662 2538 712 2599 illa
732 2557 804 2618 quae
825 2538 980 2616 stantibus,
1002 2547 1094 2598 mmen

91 2622 146 2681 hoc
161 2622 242 2702 quod
255 2623 357 2684 sedent
378 2626 458 2702 quasi
479 2623 661 2684 debilitentur
683 2631 712 2682 et
729 2623 929 2700 deprimantur.
961 2620 1121 2683 Recitans

92 2708 159 2766 tium
175 2722 248 2766 vero
261 2709 417 2785 praecipua
439 2709 673 2787 pronuntiationis
688 2706 863 2783 adiumenta,
888 2704 965 2766 oculi
986 2725 1094 2784 manus,

92 2789 328 2868 praepediuntur;
354 2809 410 2870 quo
425 2793 515 2852 miuus
529 2794 628 2851 mirum
642 2800 698 2868 est,
710 2792 733 2850 si
749 2789 905 2852 auditorum
918 2791 1095 2851 intentiore·

55 2871 264 2950 tolanguescit,
278 2873 363 2932 nullis
380 2877 558 2936 extrinsecus
572 2882 618 2936 aut
630 2873 826 2936 blandimentis
838 2883 921 2952 capta
931 2884 979 2936 aut
990 2873 1097 2937 aculeis

94 2959 226 3017 excitata.
258 2955 381 3019 Accedit
400 2958 445 3019 bis
470 2958 546 3037 quod
569 2961 659 3018 oratio
680 2957 716 3018 de
737 2976 793 3035 qua
814 2957 918 3038 loquor
934 2976 1048 3037 pugnax
1069 2967 1123 3021 ets

94 3043 273 3102 contentiosa
293 3050 349 3102 est.
382 3040 470 3102 Porro
491 3045 530 3103 ita
550 3049 647 3103 natura
663 3050 855 3120 comparatum
869 3052 914 3104 est
928 3052 959 3102 nt
974 3061 1008 3102 ea
1025 3059 1098 3119 quae

95 3125 261 3203 scripsimus
284 3143 348 3186 curn
368 3125 466 3186 labore
485 3129 568 3186 etiarn
586 3145 650 3185 cum
666 3125 766 3187 labore
783 3125 872 3187 audiri
887 3136 1030 3204 putemus.
1061 3122 1124 3186 utu

96 3225 163 3268 sane
170 3217 274 3286 quotus
282 3210 402 3288 quisque
417 3218 582 3270 tamrectus
599 3209 720 3287 auditor,
733 3228 817 3288 quem
830 3227 887 3271 non
899 3211 992 3287 potius
1008 3205 1100 3268 dulcia

57 3288 169 3352 dohaec
184 3300 214 3351 et
227 3295 353 3352 sonantia
365 3311 447 3371 quam
461 3303 573 3355 austera
585 3304 613 3354 et
624 3311 725 3372 pressa
737 3290 901 3355 delectent?
923 3291 976 3352 Est
987 3289 1100 3369 quidem

96 3377 209 3434 cumino
222 3378 313 3454 turpis
327 3379 381 3438 ista
395 3377 548 3456 discordia,
564 3387 716 3440 esttamen
729 3395 801 3454 quae
814 3377 981 3456 plerumque
993 3375 1098 3449 evenit,

95 3467 125 3518 ut
139 3458 215 3519 eliud
228 3459 372 3521 auditores
386 3460 462 3522 aliud
479 3461 588 3522 iudices
604 3464 736 3540 exigant,
756 3478 820 3520 curu
839 3459 945 3538 alioqui
958 3458 1003 3518 bis
1017 3474 1100 3536 prae·

96 3545 183 3622 cipue
197 3542 305 3605 auditor
317 3544 399 3605 adlici
411 3544 515 3606 debeat
526 3546 629 3625 quibus
643 3546 729 3623 idem,
749 3547 774 3606 si
785 3545 861 3605 ioret
871 3542 967 3622 iudex,
981 3543 1101 3602 maxime
