2632 4102
192 284 211 346 a
616 279 650 342 c.
669 237 767 342 ιιιιιι
887 227 891 233 ’

191 451 249 496 ιιι
271 441 423 513 sequatur,
447 432 555 493 idcirco
573 432 650 511 quod
673 431 794 510 gloriam
814 434 918 494 meruit
934 434 1026 496 minus
1047 434 1202 514 pulchrum

151 533 182 584 15
191 527 248 580 est.
268 515 375 578 livero
391 517 440 596 qui
457 515 607 578 benefacta
627 534 677 577 ιιι
693 516 792 577 verbis
808 516 946 578 adornant
960 536 1017 578 uon
1031 519 1098 580 ideo
1113 537 1202 598 prae·

192 602 287 662 dicare
308 602 373 680 quia
393 601 534 678 fecerint,
559 599 612 661 sed
632 609 663 660 ut
683 599 882 679 praedicarent
903 601 1013 664 decime
1030 602 1201 664 creduntur.

192 687 252 764 Sic,
265 685 344 764 quod
356 685 537 762 magnificum
551 683 697 746 referente
709 683 767 744 alio
783 684 899 763 luisset,
917 686 984 764 ipso
998 687 1047 764 qui
1061 697 1202 764 gesserat

189 777 363 833 recensente
383 767 522 828 vanescit.
549 765 687 828 Homines
702 770 792 847 enim,
813 786 878 828 cum
897 785 959 830 rem
973 769 1122 831 destruere
1136 779 1228 832 nene

192 861 332 932 possunt,
349 852 532 913 iactationem
546 852 609 912 eius
628 851 786 912 incessunt.
815 851 874 930 lta,
896 853 922 912 si
944 853 1056 914 silenda
1075 854 1200 931 feceris,

150 937 296 1004 rotrocum
311 936 417 1013 ipsum,
433 935 458 996 si
472 933 608 994 laudanda
622 950 678 995 non
692 935 792 1012 sileas,
810 937 875 1014 ipse
890 936 1026 1014 culparis.
1053 935 1107 996 'lle
1124 955 1200 997 vcro

193 1019 347 1099 peculiaris
366 1017 505 1097 quaedam
519 1017 628 1096 inpedit
642 1019 726 1078 ratio.
757 1017 871 1080 Etenim
887 1019 963 1083 bunc
977 1022 1071 1099 ipsum
1085 1037 1201 1081 sermo·

191 1120 257 1166 nam
271 1119 329 1164 unu
351 1102 427 1180 apud
445 1101 584 1180 populum
604 1100 658 1162 sed
675 1101 750 1180 apud
776 1102 948 1165 decuriones
967 1103 1067 1182 habui,
1090 1121 1145 1164 uec
1167 1105 1201 1164 in

152 1185 345 1266 ltpropntulo
366 1186 419 1248 sed
440 1187 469 1248 in
491 1187 577 1246 curia.
607 1184 720 1247 Vereor
731 1203 802 1264 ergo
823 1197 854 1248 ut
871 1189 909 1248 sit
929 1189 999 1248 satis
1019 1204 1196 1265 congruens,
1208 1201 1247 1253 10

193 1288 257 1332 oum
273 1271 303 1332 in
324 1268 446 1332 dicendo
468 1269 692 1331 adsentationem
706 1269 787 1348 uulgi
802 1269 1092 1349 adclamationemque
1112 1269 1198 1332 deiu-

192 1357 293 1434 gerim,
310 1371 386 1414 nnuc
396 1353 497 1415 eadem
507 1351 557 1413 illa
570 1353 696 1414 editione
712 1356 828 1432 sectari,
844 1371 966 1433 cumque
978 1353 1094 1432 plebem
1103 1356 1200 1432 ipsam

193 1441 239 1499 cui
256 1435 460 1500 consulebatur
475 1437 573 1498 limine
587 1437 683 1497 curiae
699 1438 914 1516 parietibusque
929 1437 1131 1515 discreverim,
1158 1456 1198 1498 ne

177 1595 180 1602 Ι
193 1539 277 1602 quam
286 1524 315 1580 in
327 1522 456 1598 speciem
467 1520 629 1580 ambitionis
640 1519 806 1599 inciderem,
821 1539 896 1581 nunc
908 1538 961 1582 eos
978 1522 1062 1582 etiam
1073 1521 1109 1581 ad
1120 1538 1197 1600 qnos

193 1624 230 1668 ex
243 1622 360 1664 munera
376 1613 476 1666 nostro
490 1602 561 1665 nibil
576 1605 701 1681 pertinet
714 1613 829 1682 praeter
831 1605 1002 1704 'exemplum
1014 1603 1096 1665 velut
1110 1605 1197 1664 obvia
1206 1623 1241 1675 15

151 1697 184 1752 18
193 1689 383 1750 ostentatione
401 1687 583 1768 conquirere.
603 1685 699 1748 Habes
715 1689 904 1752 cunctationis
917 1705 999 1750 meae
1011 1705 1127 1757 causam
1142 1689 1195 1748 ob·

193 1791 299 1853 sequar
320 1781 412 1834 tamen
433 1772 557 1834 consilio
572 1780 634 1850 tuo,
650 1773 731 1834 cuius
748 1772 816 1833 mibi
836 1774 991 1873 auctoritas
1012 1788 1065 1850 pro
1081 1773 1195 1832 ratione

193 1857 326 1918 sufficiet
358 1856 440 1918 Vale.

554 1995 570 2025 ³
720 1988 743 2048 l.

384 2087 412 2144 0.
429 2087 555 2140 PLINIUS
570 1988 874 2140 MINUlV'IIgll‘UNDANO
893 2085 953 2140 SUO
972 2088 999 2141 S.

170 2207 185 2258 1
254 2185 357 2252 Mirum
370 2199 416 2252 est
432 2207 516 2265 quam
530 2189 651 2268 singulis
671 2189 798 2251 diebus
790 2207 818 2248 ιι
835 2189 906 2250 urbe
925 2190 997 2253 ratio
1018 2198 1066 2250 aut
1080 2199 1195 2252 constet

169 2281 241 2342 aaut
256 2283 387 2335 constare
401 2272 550 2350 uideatur,
570 2273 701 2352 pluribus
718 2281 876 2350 emmaque
895 2289 953 2334 uon
967 2281 1090 2334 constet.
1122 2272 1194 2333 liam

192 2359 218 2418 si
234 2375 320 2437 quem
340 2358 504 2436 interroges
518 2357 623 2418 bodie
639 2357 707 2437 quid
721 2353 860 2434 egistii',
880 2340 1078 2434 respondeat
1076 2355 1193 2416 cilicio

192 2449 278 2520 togae
293 2439 540 2520 uirilislinterfui,
558 2441 702 2520 sponsalia
722 2449 771 2500 aut
792 2441 905 2518 nuptias
921 2440 1120 2520 frequentavi,
1141 2438 1236 2506 illem

191 2541 238 2586 me
255 2524 293 2586 ad
309 2524 478 2605 signandum
493 2533 707 2602 testamentum,
733 2523 808 2584 ille
798 2542 828 2584 m
844 2523 1193 2602 advocationem,ille1u

167 2607 347 2677 sconsiliurn
360 2612 495 2688 rogauit?
517 2608 596 2671 llaec
617 2607 738 2688 quodie
760 2607 868 2670 leceris
887 2609 1063 2685 neccssaria,
1082 2606 1192 2685 eadem,

193 2694 219 2753 si
235 2692 341 2752 cotidie
351 2691 459 2755 iecisse
473 2701 504 2754 tc
516 2702 647 2772 reputes,
664 2693 756 2754 inania
766 2691 908 2768 videntur,
924 2691 1014 2752 multo
1024 2693 1117 2770 magis
1129 2708 1193 2750 cnm

121 2801 134 2809 =⁴
192 2775 365 2836 secesseris.
386 2774 466 2835 'lunc
481 2778 556 2837 euim
571 2777 646 2838 subit
658 2775 819 2837 recordatio
836 2781 919 2854 ‘quot
934 2774 997 2838 dios
1014 2793 1097 2854 quam
1113 2775 1192 2852 frigi·

168 2858 238 2926 odis
255 2858 343 2920 rebus
358 2857 537 2937 absumpsii'
556 2858 641 2932 Quod
654 2861 750 2921 evenit
764 2859 849 2937 mibi,
864 2869 1016 2939 postquam
1030 2862 1059 2919 in
1071 2858 1235 2922 laurea-au

192 2943 253 3004 tino
266 2958 332 3004 meo
348 2951 398 3002 aut
418 2941 487 3020 lego
507 2941 614 3022 aliquid
632 2953 681 3004 aut
700 2944 799 3006 scribo
813 2953 861 3004 aut
875 2946 961 3007 etiam
979 2945 1096 3022 corpori
1108 2959 1191 3020 vaco,

168 3028 278 3094 bouins
299 3025 413 3087 fulturis
433 3027 541 3088 animus
563 3030 729 3090 sustinetur.
759 3027 837 3089 Nihil
859 3028 944 3089 audio
964 3027 1042 3106 quod
1065 3025 1191 3102 audisse,

192 3110 263 3172 nibil
282 3110 347 3171 dico
365 3110 442 3190 quod
461 3110 569 3173 dixisse
585 3114 746 3191 paeniteat:
765 3128 849 3172 nemo
869 3110 945 3190 apud
963 3129 1011 3172 me
1025 3126 1192 3189 quemquam

193 3195 317 3258 sinistris
338 3195 519 3256 sermonibus
536 3197 644 3274 carpit,
665 3198 806 3257 nemiuem
828 3197 894 3274 ipsc
916 3193 1115 3274 reprebendo,
1136 3193 1191 3254 uisi

193 3287 286 3340 tamon
296 3296 355 3357 me,
367 3295 432 3338 cum
443 3296 542 3358 parum
553 3279 702 3340 commode
712 3279 825 3349 scribo
840 3279 917 3340 nulla
926 3296 992 3357 spe,
1001 3277 1082 3338 nullo
1090 3279 1232 3340 timorata
1309 3311 1310 3371 p

193 3361 346 3439 sollicitor,
362 3361 449 3424 nullis
462 3364 624 3425 rumoribus
640 3365 800 3442 inquietor:
823 3379 936 3424 mecum
954 3371 1060 3423 tautum
1078 3370 1109 3422 et
1129 3376 1191 3420 oum

168 3443 302 3508 tlibellis
317 3445 432 3526 loquor.
471 3446 494 3507 0
509 3456 618 3508 rectam
632 3447 831 3526 sinceramque
845 3449 950 3525 uitam,
971 3463 989 3506 o
1005 3443 1089 3506 dulce
1104 3445 1192 3506 otium

192 3527 401 3608 honestumque
413 3546 447 3591 ac
461 3546 554 3609 paene
568 3531 643 3590 οιιιι
655 3533 773 3610 negotio
789 3529 951 3610 pulobrius!
976 3529 1000 3590 0
1014 3547 1109 3607 mare,
1126 3543 1143 3586 o
1157 3525 1191 3586 li-
